2962 5046
219 353 282 418 206
709 345 841 425 NUDI

217 517 401 581 NUBERE.
423 549 465 564 -
485 511 698 598 Foeminapurn
718 525 767 578 est
788 513 821 578 in
841 513 1065 596 matrimonio,
1095 511 1239 578 virorum
1263 534 1341 582 sero

303 601 414 664 demere
458 595 570 660 Nubere
591 609 640 660 est
659 597 790 680 proprie
811 617 846 658 se
868 593 942 661 velo
966 593 1170 660 obumbrare.

374 683 510 750 Veteres
530 693 652 760 tamen9
674 701 737 742 non
762 680 865 744 solnm
887 680 1039 744 mulieres
1059 681 1162 742 nubere
1184 681 1342 762 dicebant,

300 765 358 828 sed
380 768 474 828 etiam
495 765 590 840 viros,
613 765 700 846 quod
721 763 888 826 notandum
910 764 951 826 ad
973 763 1213 846 intelligentiam
1232 765 1342 848 primae

301 861 333 912 et
359 849 450 912 rudis
477 847 646 912 latinitatis.
689 847 744 910 sic
771 849 960 930 Pomponius,
993 846 1077 930 apud
1104 847 1226 910 Nonium
1253 851 1339 910 Mur·

302 935 420 996 utun:

374 1015 447 1087 „sud
466 1033 540 1071 ussus
559 1015 663 1084 irater,
691 1025 834 1090 postquam
859 1014 928 1070 vidit
952 1031 995 1068 ras
1014 1013 1078 1068 inis
1098 1012 1229 1085 injectum
1249 1015 1341 1090 domo,

308 1093 408 1162 nnmit
426 1092 560 1165 posterius
579 1092 683 1148 dotatae
695 1095 812 1160 vetulas,
833 1089 978 1156 vasionen,
999 1088 1109 1146 raire·“

230 1233 232 1238 Α
934 1164 1264 1222 Pouron.1'anncentis.
1320 1191 1325 1198 ·

217 1241 402 1304 NUBERE.
424 1275 465 1288 -
487 1241 591 1302 Etiam
613 1239 654 1302 de
678 1240 764 1302 onitu
783 1239 963 1321 illegitimo.

375 1325 423 1396 „lt
446 1325 528 1382 satius
552 1325 642 1379 lueret
665 1341 725 1380 esus
744 1322 807 1380 viro
825 1323 891 1378 dare
922 1330 1044 1391 nuptum
1065 1324 1166 1395 potius.
1190 1354 1225 1368 -
1253 1323 1345 1384 Heia!

312 1399 375 1455 liaeo
402 1400 510 1473 quidem
536 1411 644 1457 ecastor
663 1398 784 1472 quotidie
803 1397 865 1452 viro
884 1399 972 1463 nubit,
993 1401 1145 1472 nupsitque
1164 1398 1268 1466 hodia,
1284 1399 1347 1454 Nu·

312 1475 358 1528 bet
377 1493 440 1530 tuor
458 1487 557 1532 nuetu:
578 1491 718 1548 nunquam
737 1491 789 1547 ego
808 1473 879 1526 hano
898 1473 1007 1526 viduum
1026 1476 1129 1530 cubare
1148 1474 1228 1529 sivi.“

689 1559 690 1564 ’
811 1548 909 1601 Purus.
932 1548 1041 1602 eisteti.
1063 1549 1085 1619 1,
1106 1568 1128 1619 1,
1151 1559 1184 1612 tt.
1205 1559 1266 1622 sqq.

368 1640 422 1718 Qui
442 1641 564 1715 loquitur
583 1641 695 1708 Curios,
715 1651 918 1713 annosasque
937 1640 1077 1711 Camillos,

404 1717 498 1774 Nolito
517 1717 604 1774 trunti
622 1717 753 1786 ereders3
771 1717 869 1785 nupsit
887 1715 959 1770 heri.

913 1793 1004 1844 Mser.
1026 1791 1048 1855 Ι,
1068 1809 1133 1862 xxv,
1149 1791 1170 1847 3
1187 1803 1230 1864 tq·

306 1847 311 1864 1
367 1883 429 1941 Jnrn
448 1901 493 1939 sax
512 1895 560 1940 aut
579 1895 681 1956 septem
702 1883 835 1954 nupsisti,
856 1881 947 1950 Galia,
967 1882 1085 1952 oltrudis,

405 1959 481 2015 Duru
500 1977 578 2016 coms
596 1971 624 2014 ts
642 1959 758 2016 nimium
779 1977 902 2032 pexaque
921 1959 1014 2030 barba¹
1027 1963 1111 2028 juvat.

854 2031 947 2088 Mnus.
967 2023 1025 2106 tlt,
1044 2037 1130 2102 nvrr'r,
1154 2051 1164 2086 1
1188 2049 1230 2105 sq.

218 2124 364 2188 Nuces,
396 2157 437 2172 ·-
466 2127 551 2188 inter
578 2147 752 2208 puerorum
781 2125 971 2209 crepundia:
1003 2125 1140 2204 ideoque
1172 2123 1342 2206 saepissime

304 2209 345 2270 ad
367 2209 520 2288 puerilem
544 2211 724 2292 patientiam
743 2210 911 2271 translatae.
954 2209 1110 2272 Meritorii
1132 2209 1215 2270 enim
1240 2206 1344 2290 pneris

303 2291 417 2376 quibus
439 2294 572 2356 licenter
593 2293 761 2355 utebantur
782 2294 899 2374 antiqui
906 2340 917 2373 ,
949 2315 967 2354 a
988 2294 1072 2375 turpi
1094 2293 1222 2354 servitio
1251 2311 1343 2352 reos·

305 2377 415 2439 dentes
442 2399 525 2438 moes
555 2375 763 2460 spargebant,
794 2376 829 2438 id
858 2389 906 2439 est
933 2376 1028 2438 iudos
1059 2373 1214 2460 pueritiae.
1258 2375 1344 2442 Vide

304 2462 382 2521 Sero.
405 2460 437 2520 in
465 2461 562 2534 Virgil.
584 2461 685 2536 Eclog.
701 2457 781 2521 Vlll.

370 2541 479 2614 Mopso,
498 2561 584 2598 novar
603 2543 692 2600 incide
712 2544 802 2610 laneat
825 2542 875 2600 tibi
893 2542 1004 2599 ducitur
1022 2558 1109 2608 uxor3

371 2617 491 2693 Sparge,
512 2619 627 2689 marite,
648 2618 1092 2700 nuses31ibid9seritllesperns
1113 2615 1216 2670 Oetam.

824 2698 935 2750 Visere.
957 2695 1063 2762 Eolog.
1083 2691 1153 2760 vill,
1176 2709 1209 2762 ²9
1229 2707 1270 2763 sq.

266 2821 268 2826 ·
376 2785 420 2846 Et
441 2785 569 2847 maritus
590 2786 657 2867 ipse
674 2808 758 2848 nuces
776 2787 967 2870 spargendas
986 2784 1089 2857 (labat,
1112 2794 1146 2844 ut
1166 2783 1351 2844 ostenderet

305 2889 339 2930 se
359 2869 444 2932 velle
466 2869 498 2930 in
522 2867 664 2932 futurum
685 2870 793 2952 pueris
816 2869 985 2947 abstinere,
1007 2867 1250 2948 meritoriosque
1271 2885 1346 2930 suos

305 2954 391 3036 turpi
411 2951 520 3026 officio
544 2951 597 3014 hio
621 2965 652 3014 et
673 2975 755 3015 nuno
777 2954 972 3018 dimittendo.

493 3034 539 3096 Du
560 3052 644 3088 nuces
663 3037 756 3106 pueris
775 3037 861 3109 iners,

493 3109 673 3179 Concubine3
694 3111 757 3164 satis
777 3112 824 3166 sliu

495 3184 596 3238 Lusisti
616 3185 749 3252 northw
768 3187 842 3242 lubet
888 3232 891 3240 .

494 3260 555 3332 lum
575 3260 680 3314 servire
699 3259 861 3331 Thalassio;

431 3358 439 3369 ν
494 3333 672 3405 concubine,
693 3352 778 3390 nuces
797 3336 841 3391 da.
1113 3393 1115 3402 ,

850 3409 968 3468 Carene.
990 3408 1059 3478 LVI,
1084 3405 1130 3463 131
1154 3425 1212 3482 sqq.

309 3542 350 3648 ἄιε
380 3500 465 3648 {inc
485 3500 579 3576 legere
599 3524 683 3564 nzues
702 3502 737 3566 in
756 3501 913 3582 obscenis,
933 3505 968 3566 ut'
990 3503 1084 3565 docet
1106 3501 1230 3582 Lipsius
1247 3498 1345 3582 Antip.

380 3667 504 3751 Nuptiis
530 3669 697 3732 versabant
722 3691 806 3732 maces
826 3669 920 3752 pueri
949 3681 980 3730 et
1002 3667 1117 3750 puellae
1140 3687 1210 3728 cum
1231 3683 1346 3746 magno

309 3753 460 3835 strepitu,
494 3773 534 3815 ne
558 3775 619 3814 vox
649 3753 763 3835 puellas
794 3755 1004 3837 virginitatem
1036 3750 1220 3834 deponentis
1241 3757 1349 3832 posset

309 3836 423 3899 audiri.
451 3833 550 3898 Unde
565 3837 685 3897 Plinius
705 3859 788 3898 nunes
808 3849 910 3908 vocat,
933 3843 1096 3918 nuptiarum
1110 3839 1233 3896 comiss-
1264 3829 1352 3898 Vide

308 3923 387 3982 Sero.
411 3918 485 3981 loco
507 3941 601 4003 supra
623 3919 728 3998 citato,
751 3933 784 3983 et
807 3917 966 3995 Punxts,
988 3939 1043 4000 un„
1356 3941 1358 3945 ·

382 4005 468 4064 lton
489 4017 598 4066 cortex
620 4004 702 4066 inter
723 4001 827 4085 ineos,
848 4025 912 4087 qno
932 4003 1056 4066 scilicet
1077 3997 1146 4064 cani
1168 3997 1273 4060 crines
1290 3991 1350 4058 ssas

310 4097 485 4151 noscerent.

375 4167 451 4226 Heu!
475 4187 539 4226 saro
557 4179 705 4226 resonatur
723 4186 816 4238 antor,
834 4177 951 4242 seroque
970 4167 1091 4235 juventa,

414 4241 506 4318 Quum
524 4255 601 4299 ratur
621 4244 714 4300 iniecit
732 4263 802 4301 nana
821 4257 927 4300 sensata
946 4253 1037 4314 eaput.

277 4319 279 4324 ’
379 4321 448 4376 Turn
471 4319 589 4388 studium
608 4318 712 4388 forme,
732 4335 811 4375 consa
828 4331 887 4376 tunt
905 4329 1035 4387 mutatur,
1051 4321 1084 4372 ut
1101 4329 1189 4370 annus

415 4385 574 4451 Dissimulet
591 4393 674 4452 tiridi
692 4397 800 4452 cortice
819 4395 902 4450 tincta
922 4394 1016 4449 nucis.

324 4470 328 4482 '
856 4463 976 4530 Treuir..
992 4467 1015 4542 1,
1036 4463 1104 4538 int,
1126 4473 1158 4532 tr
1179 4480 1238 4538 sqq.

229 4541 424 4606 NUDI'I'AS.
446 4575 486 4589 --
508 4543 544 4604 ln
566 4541 690 4632 deliciis
710 4547 934 4609 Romanorum.
