<?xml version="1.0" encoding="UTF-8"?>
<!DOCTYPE html PUBLIC "-//W3C//DTD XHTML 1.0 Transitional//EN"
    "http://www.w3.org/TR/xhtml1/DTD/xhtml1-transitional.dtd">
<html xmlns="http://www.w3.org/1999/xhtml" xml:lang="en" lang="en">
 <head>
  <title>
</title>
<meta http-equiv="Content-Type" content="text/html;charset=utf-8" />
  <meta name='ocr-system' content='tesseract 3.04.00' />
  <meta name='ocr-capabilities' content='ocr_page ocr_carea ocr_par ocr_line ocrx_word'/>
</head>
<body>
  <div class='ocr_page' id='page_1' title='image "./thesauruserotic00rambgoog_0105.png"; bbox 0 0 2982 5046; ppageno 0'>
   <div class='ocr_carea' id='block_1_1' title="bbox 236 337 867 415">
    <p class='ocr_par' dir='ltr' id='par_1_1' title="bbox 236 337 867 415">
     <span class='ocr_line' id='line_1_1' title="bbox 236 337 867 415; baseline -0.016 0"><span class='ocrx_word' id='word_1_1' title='bbox 236 353 279 415; x_wconf 77' lang='lat'>96</span> <span class='ocrx_word' id='word_1_2' title='bbox 727 337 867 407; x_wconf 81' lang='lat' dir='ltr'>CYLL</span> 
     </span>
    </p>
   </div>
   <div class='ocr_carea' id='block_1_2' title="bbox 236 507 1247 1040">
    <p class='ocr_par' dir='ltr' id='par_1_2' title="bbox 236 507 1247 1040">
     <span class='ocr_line' id='line_1_2' title="bbox 328 507 1055 584; baseline -0.011 -15"><span class='ocrx_word' id='word_1_3' title='bbox 328 571 332 582; x_wconf 71' lang='grc'>,</span> <span class='ocrx_word' id='word_1_4' title='bbox 384 513 433 569; x_wconf 84' lang='lat' dir='ltr'>illa</span> <span class='ocrx_word' id='word_1_5' title='bbox 451 511 604 582; x_wconf 76' lang='lat' dir='ltr'>siligineis</span> <span class='ocrx_word' id='word_1_6' title='bbox 623 510 774 584; x_wconf 72' lang='lat' dir='ltr'>pinguescit</span> <span class='ocrx_word' id='word_1_7' title='bbox 792 510 916 565; x_wconf 86' lang='lat' dir='ltr'>adultera</span> <span class='ocrx_word' id='word_1_8' title='bbox 935 507 1055 574; x_wconf 55' lang='lat' dir='ltr'>sunnin</span> 
     </span>
     <span class='ocr_line' id='line_1_3' title="bbox 355 585 995 660; baseline -0.011 -16"><span class='ocrx_word' id='word_1_9' title='bbox 355 590 370 626; x_wconf 77' lang='lat'>·&#39;</span> <span class='ocrx_word' id='word_1_10' title='bbox 422 588 574 643; x_wconf 78' lang='lat' dir='ltr'>Convivam</span> <span class='ocrx_word' id='word_1_11' title='bbox 593 588 680 660; x_wconf 83' lang='lat' dir='ltr'>pascit</span> <span class='ocrx_word' id='word_1_12' title='bbox 696 587 776 655; x_wconf 73' lang='lat' dir='ltr'>nigra</span> <span class='ocrx_word' id='word_1_13' title='bbox 795 585 885 640; x_wconf 83' lang='lat' dir='ltr'>farina</span> <span class='ocrx_word' id='word_1_14' title='bbox 904 595 995 640; x_wconf 85' lang='lat' dir='ltr'>tuum.</span> 
     </span>
     <span class='ocr_line' id='line_1_4' title="bbox 858 657 1169 730; baseline -0.023 -15"><span class='ocrx_word' id='word_1_15' title='bbox 858 659 1073 728; x_wconf 77' lang='lat' dir='ltr'>Mann.lX,1s,</span> <span class='ocrx_word' id='word_1_16' title='bbox 1093 657 1109 712; x_wconf 79' lang='lat'>5</span> <span class='ocrx_word' id='word_1_17' title='bbox 1129 671 1169 730; x_wconf 85' lang='lat' dir='ltr'>sq.</span> 
     </span>
     <span class='ocr_line' id='line_1_5' title="bbox 236 736 1016 817; baseline -0.014 -12"><span class='ocrx_word' id='word_1_18' title='bbox 236 737 413 806; x_wconf 86' lang='lat' dir='ltr'><strong>CUNNUS.</strong></span> <span class='ocrx_word' id='word_1_19' title='bbox 440 769 481 784; x_wconf 91' lang='lat'><em>-</em></span> <span class='ocrx_word' id='word_1_20' title='bbox 502 737 566 796; x_wconf 91' lang='lat' dir='ltr'>Pro</span> <span class='ocrx_word' id='word_1_21' title='bbox 590 736 741 814; x_wconf 84' lang='lat' dir='ltr'>muliere3</span> <span class='ocrx_word' id='word_1_22' title='bbox 762 755 835 817; x_wconf 89' lang='lat' dir='ltr'>para</span> <span class='ocrx_word' id='word_1_23' title='bbox 856 754 916 816; x_wconf 90' lang='lat' dir='ltr'>pro</span> <span class='ocrx_word' id='word_1_24' title='bbox 937 745 1016 796; x_wconf 87' lang='lat' dir='ltr'>toto.</span> 
     </span>
     <span class='ocr_line' id='line_1_6' title="bbox 288 817 1075 895; baseline -0.01 -20"><span class='ocrx_word' id='word_1_25' title='bbox 288 864 290 875; x_wconf 71' lang='grc'><strong><em>,</em></strong></span> <span class='ocrx_word' id='word_1_26' title='bbox 383 818 478 895; x_wconf 77' lang='lat' dir='ltr'>Quid?</span> <span class='ocrx_word' id='word_1_27' title='bbox 497 819 550 875; x_wconf 89' lang='lat' dir='ltr'>nisi</span> <span class='ocrx_word' id='word_1_28' title='bbox 570 820 682 874; x_wconf 66' lang='lat' dir='ltr'>tonario</span> <span class='ocrx_word' id='word_1_29' title='bbox 700 819 845 890; x_wconf 69' lang='lat' dir='ltr'>placuisset</span> <span class='ocrx_word' id='word_1_30' title='bbox 865 817 965 872; x_wconf 77' lang='lat' dir='ltr'>&#39;l&#39;roics</span> <span class='ocrx_word' id='word_1_31' title='bbox 984 829 1075 870; x_wconf 84' lang='lat' dir='ltr'>canna</span> 
     </span>
     <span class='ocr_line' id='line_1_7' title="bbox 421 893 1120 969; baseline -0.01 -18"><span class='ocrx_word' id='word_1_32' title='bbox 421 895 567 965; x_wconf 84' lang='lat' dir='ltr'>Mentula,</span> <span class='ocrx_word' id='word_1_33' title='bbox 587 894 661 969; x_wconf 83' lang='lat' dir='ltr'>quod</span> <span class='ocrx_word' id='word_1_34' title='bbox 680 905 791 950; x_wconf 79' lang='lat' dir='ltr'>cauerat</span> <span class='ocrx_word' id='word_1_35' title='bbox 809 911 865 948; x_wconf 88' lang='lat' dir='ltr'>non</span> <span class='ocrx_word' id='word_1_36' title='bbox 883 893 1023 947; x_wconf 71' lang='lat' dir='ltr'>habuisset</span> <span class='ocrx_word' id='word_1_37' title='bbox 1042 907 1120 960; x_wconf 84' lang='lat' dir='ltr'>opus.</span> 
     </span>
     <span class='ocr_line' id='line_1_8' title="bbox 750 966 1247 1040; baseline -0.014 -16"><span class='ocrx_word' id='word_1_38' title='bbox 750 1021 753 1026; x_wconf 86' lang='grc'>,</span> <span class='ocrx_word' id='word_1_39' title='bbox 801 966 1247 1040; x_wconf 76' lang='lat' dir='ltr'>Priap.0arm.leX,1sq.</span> 
     </span>
    </p>
   </div>
   <div class='ocr_carea' id='block_1_3' title="bbox 236 1058 1359 1144">
    <p class='ocr_par' dir='ltr' id='par_1_3' title="bbox 236 1058 1359 1144">
     <span class='ocr_line' id='line_1_9' title="bbox 236 1058 1359 1144; baseline -0.009 -16"><span class='ocrx_word' id='word_1_40' title='bbox 236 1062 378 1128; x_wconf 75' lang='lat' dir='ltr'>CUPES.</span> <span class='ocrx_word' id='word_1_41' title='bbox 400 1095 443 1107; x_wconf 92' lang='grc'><strong>-</strong></span> <span class='ocrx_word' id='word_1_42' title='bbox 462 1062 678 1144; x_wconf 89' lang='lat' dir='ltr'>Voluptarius,</span> <span class='ocrx_word' id='word_1_43' title='bbox 703 1061 932 1143; x_wconf 84' lang='lat' dir='ltr'>cupidissimus.</span> <span class='ocrx_word' id='word_1_44' title='bbox 964 1058 1077 1137; x_wconf 74' lang='lat' dir='ltr'>(tutin</span> <span class='ocrx_word' id='word_1_45' title='bbox 1100 1064 1244 1141; x_wconf 79' lang='lat' dir='ltr'>antiquar.</span> <span class='ocrx_word' id='word_1_46' title='bbox 1265 1059 1359 1141; x_wconf 70' lang='lat' dir='ltr'>Plias)</span> 
     </span>
    </p>
   </div>
   <div class='ocr_carea' id='block_1_4' title="bbox 236 1157 1365 1895">
    <p class='ocr_par' dir='ltr' id='par_1_4' title="bbox 236 1157 1363 1726">
     <span class='ocr_line' id='line_1_10' title="bbox 236 1157 1360 1246; baseline -0.008 -17"><span class='ocrx_word' id='word_1_47' title='bbox 236 1157 403 1229; x_wconf 86' lang='lat' dir='ltr'>CUPIDO.</span> <span class='ocrx_word' id='word_1_48' title='bbox 427 1194 469 1244; x_wconf 46' lang='grc' dir='ltr'>-γ</span> <span class='ocrx_word' id='word_1_49' title='bbox 488 1164 576 1224; x_wconf 90' lang='lat' dir='ltr'>Deus</span> <span class='ocrx_word' id='word_1_50' title='bbox 598 1164 821 1245; x_wconf 78' lang='lat' dir='ltr'>copulationis,</span> <span class='ocrx_word' id='word_1_51' title='bbox 854 1184 950 1246; x_wconf 85' lang='lat' dir='ltr'>quem</span> <span class='ocrx_word' id='word_1_52' title='bbox 979 1174 1084 1224; x_wconf 85' lang='lat' dir='ltr'>natum</span> <span class='ocrx_word' id='word_1_53' title='bbox 1112 1157 1179 1226; x_wconf 77' lang='lat' dir='ltr'>vult</span> <span class='ocrx_word' id='word_1_54' title='bbox 1200 1160 1360 1222; x_wconf 86' lang='lat' dir='ltr'>Hesiodus</span> 
     </span>
     <span class='ocr_line' id='line_1_11' title="bbox 319 1241 1362 1327; baseline -0.004 -19"><span class='ocrx_word' id='word_1_55' title='bbox 319 1268 358 1308; x_wconf 87' lang='lat' dir='ltr'>ex</span> <span class='ocrx_word' id='word_1_56' title='bbox 383 1243 472 1310; x_wconf 84' lang='lat' dir='ltr'>Chao</span> <span class='ocrx_word' id='word_1_57' title='bbox 504 1258 536 1306; x_wconf 90' lang='lat' dir='ltr'>et</span> <span class='ocrx_word' id='word_1_58' title='bbox 555 1249 675 1327; x_wconf 83' lang='lat' dir='ltr'>Terra3</span> <span class='ocrx_word' id='word_1_59' title='bbox 709 1247 886 1308; x_wconf 85' lang='lat' dir='ltr'>Simonides</span> <span class='ocrx_word' id='word_1_60' title='bbox 919 1258 951 1308; x_wconf 89' lang='lat' dir='ltr'>et</span> <span class='ocrx_word' id='word_1_61' title='bbox 972 1241 1104 1319; x_wconf 88' lang='lat' dir='ltr'>Cicero,</span> <span class='ocrx_word' id='word_1_62' title='bbox 1138 1266 1175 1308; x_wconf 89' lang='lat' dir='ltr'>ex</span> <span class='ocrx_word' id='word_1_63' title='bbox 1197 1245 1299 1306; x_wconf 88' lang='lat' dir='ltr'>Marte</span> <span class='ocrx_word' id='word_1_64' title='bbox 1329 1255 1362 1305; x_wconf 88' lang='lat' dir='ltr'>et</span> 
     </span>
     <span class='ocr_line' id='line_1_12' title="bbox 317 1326 1363 1412; baseline -0.004 -20"><span class='ocrx_word' id='word_1_65' title='bbox 317 1333 445 1392; x_wconf 89' lang='lat' dir='ltr'>Venere</span> <span class='ocrx_word' id='word_1_66' title='bbox 453 1351 463 1406; x_wconf 90' lang='lat'>;</span> <span class='ocrx_word' id='word_1_67' title='bbox 489 1328 707 1412; x_wconf 79' lang='lat' dir='ltr'>Archesilaus,</span> <span class='ocrx_word' id='word_1_68' title='bbox 730 1351 770 1393; x_wconf 87' lang='lat' dir='ltr'>ex</span> <span class='ocrx_word' id='word_1_69' title='bbox 792 1333 893 1394; x_wconf 85' lang='lat' dir='ltr'>Nocte</span> <span class='ocrx_word' id='word_1_70' title='bbox 916 1342 948 1392; x_wconf 86' lang='lat' dir='ltr'>et</span> <span class='ocrx_word' id='word_1_71' title='bbox 967 1326 1117 1400; x_wconf 71' lang='lat' dir='ltr'>AEtheret</span> <span class='ocrx_word' id='word_1_72' title='bbox 1146 1329 1290 1402; x_wconf 77' lang='lat' dir='ltr'>Alcaeus,</span> <span class='ocrx_word' id='word_1_73' title='bbox 1322 1347 1363 1388; x_wconf 82' lang='lat' dir='ltr'>ex</span> 
     </span>
     <span class='ocr_line' id='line_1_13' title="bbox 320 1397 1360 1497; baseline -0.006 -21"><span class='ocrx_word' id='word_1_74' title='bbox 320 1416 391 1476; x_wconf 88' lang='lat' dir='ltr'>Lite</span> <span class='ocrx_word' id='word_1_75' title='bbox 414 1425 446 1474; x_wconf 88' lang='lat' dir='ltr'>et</span> <span class='ocrx_word' id='word_1_76' title='bbox 466 1410 632 1494; x_wconf 81' lang='lat' dir='ltr'>Zephyro3</span> <span class='ocrx_word' id='word_1_77' title='bbox 656 1413 801 1497; x_wconf 79' lang='lat' dir='ltr'>Sappho,</span> <span class='ocrx_word' id='word_1_78' title='bbox 824 1436 863 1475; x_wconf 86' lang='lat' dir='ltr'>ex</span> <span class='ocrx_word' id='word_1_79' title='bbox 886 1397 1021 1477; x_wconf 72' lang='lat' dir='ltr'>venere‘</span> <span class='ocrx_word' id='word_1_80' title='bbox 1037 1423 1069 1474; x_wconf 87' lang='lat' dir='ltr'>et</span> <span class='ocrx_word' id='word_1_81' title='bbox 1091 1407 1196 1490; x_wconf 82' lang='lat' dir='ltr'>Caelo;</span> <span class='ocrx_word' id='word_1_82' title='bbox 1228 1411 1360 1488; x_wconf 88' lang='lat' dir='ltr'>Seneca,</span> 
     </span>
     <span class='ocr_line' id='line_1_14' title="bbox 320 1493 1363 1572; baseline -0.007 -12"><span class='ocrx_word' id='word_1_83' title='bbox 320 1518 360 1560; x_wconf 88' lang='lat' dir='ltr'>ex</span> <span class='ocrx_word' id='word_1_84' title='bbox 382 1499 510 1560; x_wconf 82' lang='lat' dir='ltr'>Venere</span> <span class='ocrx_word' id='word_1_85' title='bbox 539 1509 571 1558; x_wconf 87' lang='lat' dir='ltr'>et</span> <span class='ocrx_word' id='word_1_86' title='bbox 592 1493 752 1572; x_wconf 87' lang='lat' dir='ltr'>Vulcano,</span> <span class='ocrx_word' id='word_1_87' title='bbox 785 1509 845 1560; x_wconf 85' lang='lat' dir='ltr'>etc.</span> <span class='ocrx_word' id='word_1_88' title='bbox 888 1498 963 1564; x_wconf 90' lang='lat' dir='ltr'>Vid.</span> <span class='ocrx_word' id='word_1_89' title='bbox 986 1495 1043 1556; x_wconf 83' lang='lat' dir='ltr'>Cic.</span> <span class='ocrx_word' id='word_1_90' title='bbox 1075 1497 1111 1556; x_wconf 80' lang='lat' dir='ltr'>da</span> <span class='ocrx_word' id='word_1_91' title='bbox 1137 1495 1254 1555; x_wconf 74' lang='lat' dir='ltr'>Natum</span> <span class='ocrx_word' id='word_1_92' title='bbox 1282 1494 1363 1554; x_wconf 78' lang='lat' dir='ltr'>Deo-</span> 
     </span>
     <span class='ocr_line' id='line_1_15' title="bbox 318 1576 1362 1664; baseline -0.004 -23"><span class='ocrx_word' id='word_1_93' title='bbox 318 1600 383 1641; x_wconf 82' lang='lat' dir='ltr'>rum</span> <span class='ocrx_word' id='word_1_94' title='bbox 403 1581 461 1658; x_wconf 86' lang='lat'>111,</span> <span class='ocrx_word' id='word_1_95' title='bbox 484 1591 516 1642; x_wconf 84' lang='lat' dir='ltr'>et</span> <span class='ocrx_word' id='word_1_96' title='bbox 535 1584 705 1662; x_wconf 65' lang='lat' dir='ltr'>lucanos,</span> <span class='ocrx_word' id='word_1_97' title='bbox 728 1581 784 1644; x_wconf 88' lang='lat' dir='ltr'>ubi</span> <span class='ocrx_word' id='word_1_98' title='bbox 806 1581 911 1664; x_wconf 90' lang='lat' dir='ltr'>lepida</span> <span class='ocrx_word' id='word_1_99' title='bbox 933 1579 1048 1643; x_wconf 77' lang='lat' dir='ltr'>fabula</span> <span class='ocrx_word' id='word_1_100' title='bbox 1063 1579 1233 1662; x_wconf 84' lang='lat' dir='ltr'>Porphyrii</span> <span class='ocrx_word' id='word_1_101' title='bbox 1255 1576 1362 1660; x_wconf 85' lang='lat' dir='ltr'>expla-</span> 
     </span>
     <span class='ocr_line' id='line_1_16' title="bbox 318 1674 1140 1726; baseline -0.006 0"><span class='ocrx_word' id='word_1_102' title='bbox 318 1675 421 1726; x_wconf 85' lang='lat' dir='ltr'>natur.</span> <span class='ocrx_word' id='word_1_103' title='bbox 830 1689 832 1704; x_wconf 88' lang='grc'><strong><em>·</em></strong></span> <span class='ocrx_word' id='word_1_104' title='bbox 1004 1674 1007 1680; x_wconf 92' lang='grc'><strong>’</strong></span> <span class='ocrx_word' id='word_1_105' title='bbox 1135 1697 1140 1707; x_wconf 85' lang='lat'><em>-</em></span> 
     </span>
    </p>

    <p class='ocr_par' dir='ltr' id='par_1_5' title="bbox 396 1741 1363 1820">
     <span class='ocr_line' id='line_1_17' title="bbox 396 1741 1363 1820; baseline -0.002 -21"><span class='ocrx_word' id='word_1_106' title='bbox 396 1746 575 1818; x_wconf 80' lang='lat' dir='ltr'>„Cupidinem</span> <span class='ocrx_word' id='word_1_107' title='bbox 602 1745 678 1801; x_wconf 86' lang='lat' dir='ltr'>cruci</span> <span class='ocrx_word' id='word_1_108' title='bbox 699 1745 812 1820; x_wconf 83' lang='lat' dir='ltr'>alligent</span> <span class='ocrx_word' id='word_1_109' title='bbox 832 1748 957 1802; x_wconf 84' lang='lat' dir='ltr'>mulieres</span> <span class='ocrx_word' id='word_1_110' title='bbox 985 1747 1153 1809; x_wconf 82' lang='lat' dir='ltr'>amatrices,</span> <span class='ocrx_word' id='word_1_111' title='bbox 1182 1763 1238 1801; x_wconf 92' lang='lat' dir='ltr'>non</span> <span class='ocrx_word' id='word_1_112' title='bbox 1256 1741 1305 1800; x_wconf 67' lang='lat' dir='ltr'>&#39;hae</span> <span class='ocrx_word' id='word_1_113' title='bbox 1329 1745 1363 1798; x_wconf 89' lang='lat' dir='ltr'>ds</span> 
     </span>
    </p>

    <p class='ocr_par' dir='ltr' id='par_1_6' title="bbox 252 1819 1365 1895">
     <span class='ocr_line' id='line_1_18' title="bbox 252 1819 1365 1895; baseline -0.005 -17"><span class='ocrx_word' id='word_1_114' title='bbox 252 1851 254 1858; x_wconf 38' lang='grc' dir='ltr'><em>ν</em></span> <span class='ocrx_word' id='word_1_115' title='bbox 330 1833 426 1878; x_wconf 85' lang='lat' dir='ltr'>nostro</span> <span class='ocrx_word' id='word_1_116' title='bbox 446 1822 557 1889; x_wconf 81' lang='lat' dir='ltr'>asculo,</span> <span class='ocrx_word' id='word_1_117' title='bbox 585 1840 643 1895; x_wconf 83' lang='lat' dir='ltr'>quae</span> <span class='ocrx_word' id='word_1_118' title='bbox 663 1837 759 1892; x_wconf 88' lang='lat' dir='ltr'>aponts</span> <span class='ocrx_word' id='word_1_119' title='bbox 780 1835 907 1894; x_wconf 71' lang='lat' dir='ltr'>peceant,</span> <span class='ocrx_word' id='word_1_120' title='bbox 936 1824 982 1878; x_wconf 87' lang='lat' dir='ltr'>aad</span> <span class='ocrx_word' id='word_1_121' title='bbox 1002 1825 1052 1877; x_wconf 83' lang='lat' dir='ltr'>illoe</span> <span class='ocrx_word' id='word_1_122' title='bbox 1071 1822 1206 1892; x_wconf 80' lang='lat' dir='ltr'>heroice,</span> <span class='ocrx_word' id='word_1_123' title='bbox 1234 1819 1365 1894; x_wconf 82' lang='lat' dir='ltr'>quaesibi</span> 
     </span>
    </p>
   </div>
   <div class='ocr_carea' id='block_1_5' title="bbox 331 1897 1290 2040">
    <p class='ocr_par' dir='ltr' id='par_1_7' title="bbox 331 1897 1290 2040">
     <span class='ocr_line' id='line_1_19' title="bbox 331 1897 807 1972; baseline -0.006 -18"><span class='ocrx_word' id='word_1_124' title='bbox 331 1898 492 1972; x_wconf 75' lang='lat' dir='ltr'>ignoscunt,</span> <span class='ocrx_word' id='word_1_125' title='bbox 512 1905 538 1952; x_wconf 90' lang='lat' dir='ltr'>at</span> <span class='ocrx_word' id='word_1_126' title='bbox 556 1897 679 1969; x_wconf 84' lang='lat' dir='ltr'>plectunt</span> <span class='ocrx_word' id='word_1_127' title='bbox 699 1897 807 1952; x_wconf 57' lang='lat' dir='ltr'>deurul‘</span> 
     </span>
     <span class='ocr_line' id='line_1_20' title="bbox 779 1969 1290 2040; baseline -0.002 -13"><span class='ocrx_word' id='word_1_128' title='bbox 779 1974 879 2028; x_wconf 72' lang='lat' dir='ltr'>lusos.</span> <span class='ocrx_word' id='word_1_129' title='bbox 902 1971 933 2026; x_wconf 82' lang='lat' dir='ltr'>in</span> <span class='ocrx_word' id='word_1_130' title='bbox 952 1970 1084 2040; x_wconf 82' lang='lat' dir='ltr'>Proesal.</span> <span class='ocrx_word' id='word_1_131' title='bbox 1106 1969 1290 2040; x_wconf 78' lang='lat' dir='ltr'>Eidytl.v1.</span> 
     </span>
    </p>
   </div>
   <div class='ocr_carea' id='block_1_6' title="bbox 293 2055 1226 2208">
    <p class='ocr_par' dir='ltr' id='par_1_8' title="bbox 293 2055 1226 2208">
     <span class='ocr_line' id='line_1_21' title="bbox 293 2055 1226 2136; baseline -0.004 -14"><span class='ocrx_word' id='word_1_132' title='bbox 293 2083 295 2092; x_wconf 86' lang='grc'><strong>’</strong></span> <span class='ocrx_word' id='word_1_133' title='bbox 351 2065 412 2122; x_wconf 84' lang='lat' dir='ltr'>Hoc</span> <span class='ocrx_word' id='word_1_134' title='bbox 430 2063 504 2136; x_wconf 83' lang='lat' dir='ltr'>quod</span> <span class='ocrx_word' id='word_1_135' title='bbox 523 2080 616 2118; x_wconf 86' lang='lat' dir='ltr'>amara</span> <span class='ocrx_word' id='word_1_136' title='bbox 635 2075 745 2134; x_wconf 82' lang='lat' dir='ltr'>vocant,</span> <span class='ocrx_word' id='word_1_137' title='bbox 766 2065 857 2133; x_wconf 82' lang='lat' dir='ltr'>misce,</span> <span class='ocrx_word' id='word_1_138' title='bbox 877 2077 925 2119; x_wconf 86' lang='lat' dir='ltr'>aut</span> <span class='ocrx_word' id='word_1_139' title='bbox 945 2055 1073 2131; x_wconf 83' lang='lat' dir='ltr'>dissolve,</span> <span class='ocrx_word' id='word_1_140' title='bbox 1096 2065 1206 2136; x_wconf 79' lang='lat' dir='ltr'>Cupido</span> <span class='ocrx_word' id='word_1_141' title='bbox 1213 2083 1226 2132; x_wconf 92' lang='lat'>,·</span> 
     </span>
     <span class='ocr_line' id='line_1_22' title="bbox 388 2139 1034 2208; baseline -0.003 -14"><span class='ocrx_word' id='word_1_142' title='bbox 388 2139 442 2194; x_wconf 76' lang='lat' dir='ltr'>Aut</span> <span class='ocrx_word' id='word_1_143' title='bbox 456 2149 583 2194; x_wconf 83' lang='lat' dir='ltr'>neutrum</span> <span class='ocrx_word' id='word_1_144' title='bbox 603 2139 716 2194; x_wconf 82' lang='lat' dir='ltr'>dammis</span> <span class='ocrx_word' id='word_1_145' title='bbox 734 2157 804 2205; x_wconf 89' lang='lat' dir='ltr'>ura,</span> <span class='ocrx_word' id='word_1_146' title='bbox 824 2142 866 2194; x_wconf 83' lang='lat' dir='ltr'>vel</span> <span class='ocrx_word' id='word_1_147' title='bbox 887 2159 938 2194; x_wconf 84' lang='lat' dir='ltr'>urs</span> <span class='ocrx_word' id='word_1_148' title='bbox 956 2142 1034 2208; x_wconf 83' lang='lat' dir='ltr'>duos.</span> 
     </span>
    </p>
   </div>
   <div class='ocr_carea' id='block_1_7' title="bbox 773 2215 1214 2291">
    <p class='ocr_par' dir='ltr' id='par_1_9' title="bbox 773 2215 1214 2291">
     <span class='ocr_line' id='line_1_23' title="bbox 773 2215 1214 2291; baseline -0.011 -21"><span class='ocrx_word' id='word_1_149' title='bbox 773 2216 873 2291; x_wconf 72' lang='lat' dir='ltr'>Aaron.¹</span> <span class='ocrx_word' id='word_1_150' title='bbox 895 2217 951 2285; x_wconf 80' lang='lat' dir='ltr'>Ep.</span> <span class='ocrx_word' id='word_1_151' title='bbox 972 2215 1117 2284; x_wconf 78' lang='lat' dir='ltr'>LXXVII,</span> <span class='ocrx_word' id='word_1_152' title='bbox 1141 2234 1151 2268; x_wconf 89' lang='grc' dir='ltr'><strong>ι</strong></span> <span class='ocrx_word' id='word_1_153' title='bbox 1174 2233 1214 2288; x_wconf 85' lang='lat' dir='ltr'>aq.</span> 
     </span>
    </p>
   </div>
   <div class='ocr_carea' id='block_1_8' title="bbox 42 2265 1384 2392">
    <p class='ocr_par' dir='ltr' id='par_1_10' title="bbox 42 2265 1384 2392">
     <span class='ocr_line' id='line_1_24' title="bbox 42 2265 1384 2392; baseline -0.005 -18"><span class='ocrx_word' id='word_1_154' title='bbox 42 2265 44 2273; x_wconf 35' lang='lat'><strong>¹</strong></span> <span class='ocrx_word' id='word_1_155' title='bbox 144 2279 149 2290; x_wconf 83' lang='lat'>&#39;</span> <span class='ocrx_word' id='word_1_156' title='bbox 242 2302 413 2382; x_wconf 76' lang='lat' dir='ltr'>cosmo.</span> <span class='ocrx_word' id='word_1_157' title='bbox 436 2337 478 2352; x_wconf 89' lang='lat'>-</span> <span class='ocrx_word' id='word_1_158' title='bbox 498 2305 606 2387; x_wconf 69' lang='lat' dir='ltr'>epau</span> <span class='ocrx_word' id='word_1_159' title='bbox 639 2318 671 2367; x_wconf 72' lang='lat' dir='ltr'>es</span> <span class='ocrx_word' id='word_1_160' title='bbox 699 2329 783 2368; x_wconf 64' lang='lat' dir='ltr'>amor</span> <span class='ocrx_word' id='word_1_161' title='bbox 804 2309 889 2371; x_wconf 73' lang='lat' dir='ltr'>taem</span> <span class='ocrx_word' id='word_1_162' title='bbox 911 2307 1090 2392; x_wconf 65' lang='lat' dir='ltr'>sagacem</span> <span class='ocrx_word' id='word_1_163' title='bbox 1110 2308 1275 2385; x_wconf 46' lang='lat' dir='ltr'>visentum</span> <span class='ocrx_word' id='word_1_164' title='bbox 1310 2281 1384 2368; x_wconf 73' lang='lat' dir='ltr'>sea</span> 
     </span>
    </p>
   </div>
   <div class='ocr_carea' id='block_1_9' title="bbox 323 2387 1367 2560">
    <p class='ocr_par' dir='ltr' id='par_1_11' title="bbox 323 2387 1367 2560">
     <span class='ocr_line' id='line_1_25' title="bbox 324 2387 1367 2470; baseline -0.001 -18"><span class='ocrx_word' id='word_1_165' title='bbox 324 2387 371 2453; x_wconf 82' lang='lat' dir='ltr'>est</span> <span class='ocrx_word' id='word_1_166' title='bbox 395 2389 574 2452; x_wconf 85' lang='lat' dir='ltr'>diversitas:</span> <span class='ocrx_word' id='word_1_167' title='bbox 603 2390 702 2470; x_wconf 82' lang='lat' dir='ltr'>cupido</span> <span class='ocrx_word' id='word_1_168' title='bbox 725 2392 806 2453; x_wconf 86' lang='lat' dir='ltr'>enim</span> <span class='ocrx_word' id='word_1_169' title='bbox 830 2404 877 2454; x_wconf 85' lang='lat' dir='ltr'>est</span> <span class='ocrx_word' id='word_1_170' title='bbox 897 2393 1135 2454; x_wconf 68' lang='lat' dir='ltr'>inconsiderata</span> <span class='ocrx_word' id='word_1_171' title='bbox 1157 2391 1367 2470; x_wconf 83' lang='lat' dir='ltr'>necessitatis3</span> 
     </span>
     <span class='ocr_line' id='line_1_26' title="bbox 323 2471 1120 2560; baseline 0 -24"><span class='ocrx_word' id='word_1_172' title='bbox 323 2495 406 2536; x_wconf 84' lang='lat' dir='ltr'>amor</span> <span class='ocrx_word' id='word_1_173' title='bbox 427 2493 504 2534; x_wconf 89' lang='lat' dir='ltr'>vero</span> <span class='ocrx_word' id='word_1_174' title='bbox 528 2472 646 2552; x_wconf 89' lang='lat' dir='ltr'>judicii.</span> <span class='ocrx_word' id='word_1_175' title='bbox 669 2471 758 2549; x_wconf 79' lang='lat' dir='ltr'>(Non</span> <span class='ocrx_word' id='word_1_176' title='bbox 780 2477 893 2560; x_wconf 83' lang='lat' dir='ltr'>Marc.)</span> <span class='ocrx_word' id='word_1_177' title='bbox 914 2477 990 2540; x_wconf 90' lang='lat' dir='ltr'>Vid.</span> <span class='ocrx_word' id='word_1_178' title='bbox 1014 2479 1120 2538; x_wconf 75' lang='lat' dir='ltr'>Aaron.</span> 
     </span>
    </p>
   </div>
   <div class='ocr_carea' id='block_1_10' title="bbox 241 2572 1368 2657">
    <p class='ocr_par' dir='ltr' id='par_1_12' title="bbox 241 2572 1368 2657">
     <span class='ocr_line' id='line_1_27' title="bbox 241 2572 1368 2657; baseline -0.005 -17"><span class='ocrx_word' id='word_1_179' title='bbox 241 2572 466 2649; x_wconf 80' lang='lat' dir='ltr'>CURCULIO,</span> <span class='ocrx_word' id='word_1_180' title='bbox 489 2573 718 2640; x_wconf 84' lang='lat' dir='ltr'><strong>GURGULIO.</strong></span> <span class='ocrx_word' id='word_1_181' title='bbox 741 2575 839 2656; x_wconf 86' lang='lat' dir='ltr'>(Nam</span> <span class='ocrx_word' id='word_1_182' title='bbox 861 2578 946 2637; x_wconf 90' lang='lat' dir='ltr'>idem</span> <span class='ocrx_word' id='word_1_183' title='bbox 967 2576 1101 2656; x_wconf 85' lang='lat' dir='ltr'>sonant.)</span> <span class='ocrx_word' id='word_1_184' title='bbox 1123 2573 1164 2622; x_wconf 85' lang='grc'>-’-</span> <span class='ocrx_word' id='word_1_185' title='bbox 1185 2572 1250 2637; x_wconf 87' lang='lat' dir='ltr'>Pro</span> <span class='ocrx_word' id='word_1_186' title='bbox 1268 2591 1368 2657; x_wconf 81' lang='lat' dir='ltr'>pene:</span> 
     </span>
    </p>
   </div>
   <div class='ocr_carea' id='block_1_11' title="bbox 195 2656 1368 3424">
    <p class='ocr_par' dir='ltr' id='par_1_13' title="bbox 325 2656 1368 2907">
     <span class='ocr_line' id='line_1_28' title="bbox 325 2656 1368 2743; baseline -0.004 -21"><span class='ocrx_word' id='word_1_187' title='bbox 325 2659 365 2722; x_wconf 88' lang='lat' dir='ltr'>ab</span> <span class='ocrx_word' id='word_1_188' title='bbox 386 2656 479 2740; x_wconf 89' lang='lat' dir='ltr'>hujus</span> <span class='ocrx_word' id='word_1_189' title='bbox 501 2660 632 2720; x_wconf 84' lang='lat' dir='ltr'>nominis</span> <span class='ocrx_word' id='word_1_190' title='bbox 653 2661 846 2741; x_wconf 82' lang='lat' dir='ltr'>vermiculo,</span> <span class='ocrx_word' id='word_1_191' title='bbox 868 2662 921 2743; x_wconf 88' lang='lat' dir='ltr'>qui</span> <span class='ocrx_word' id='word_1_192' title='bbox 944 2681 978 2721; x_wconf 87' lang='lat' dir='ltr'>se</span> <span class='ocrx_word' id='word_1_193' title='bbox 1000 2659 1188 2722; x_wconf 90' lang='lat' dir='ltr'>contrahens</span> <span class='ocrx_word' id='word_1_194' title='bbox 1210 2665 1241 2720; x_wconf 85' lang='lat' dir='ltr'>et</span> <span class='ocrx_word' id='word_1_195' title='bbox 1263 2671 1368 2719; x_wconf 81' lang='lat' dir='ltr'>exten·</span> 
     </span>
     <span class='ocr_line' id='line_1_29' title="bbox 325 2741 1368 2824; baseline -0.002 -20"><span class='ocrx_word' id='word_1_196' title='bbox 325 2745 403 2804; x_wconf 91' lang='lat' dir='ltr'>dens</span> <span class='ocrx_word' id='word_1_197' title='bbox 435 2741 530 2802; x_wconf 92' lang='lat' dir='ltr'>modo</span> <span class='ocrx_word' id='word_1_198' title='bbox 564 2746 653 2824; x_wconf 91' lang='lat' dir='ltr'>quasi</span> <span class='ocrx_word' id='word_1_199' title='bbox 684 2746 851 2824; x_wconf 87' lang='lat' dir='ltr'>continuo,</span> <span class='ocrx_word' id='word_1_200' title='bbox 883 2744 982 2808; x_wconf 83' lang='lat' dir='ltr'>virilis</span> <span class='ocrx_word' id='word_1_201' title='bbox 1015 2743 1315 2806; x_wconf 85' lang='lat' dir='ltr'>membri-formam</span> <span class='ocrx_word' id='word_1_202' title='bbox 1337 2748 1368 2803; x_wconf 85' lang='lat' dir='ltr'>et</span> 
     </span>
     <span class='ocr_line' id='line_1_30' title="bbox 325 2824 823 2907; baseline -0.002 -20"><span class='ocrx_word' id='word_1_203' title='bbox 325 2824 475 2889; x_wconf 89' lang='lat' dir='ltr'>mobilem</span> <span class='ocrx_word' id='word_1_204' title='bbox 499 2828 591 2886; x_wconf 85' lang='lat' dir='ltr'>vitam</span> <span class='ocrx_word' id='word_1_205' title='bbox 612 2839 823 2907; x_wconf 85' lang='lat' dir='ltr'>repraesentat.</span> 
     </span>
    </p>

    <p class='ocr_par' dir='ltr' id='par_1_14' title="bbox 392 2910 1097 2986">
     <span class='ocr_line' id='line_1_31' title="bbox 392 2910 1097 2986; baseline 0.003 -24"><span class='ocrx_word' id='word_1_206' title='bbox 392 2910 434 2962; x_wconf 88' lang='lat' dir='ltr'>Tu</span> <span class='ocrx_word' id='word_1_207' title='bbox 454 2925 537 2979; x_wconf 85' lang='lat' dir='ltr'>quum</span> <span class='ocrx_word' id='word_1_208' title='bbox 556 2911 670 2964; x_wconf 85' lang='lat' dir='ltr'>maxillis</span> <span class='ocrx_word' id='word_1_209' title='bbox 692 2912 848 2966; x_wconf 83' lang='lat' dir='ltr'>balanatum</span> <span class='ocrx_word' id='word_1_210' title='bbox 868 2929 986 2984; x_wconf 84' lang='lat' dir='ltr'>gausape</span> <span class='ocrx_word' id='word_1_211' title='bbox 1003 2923 1097 2986; x_wconf 86' lang='lat' dir='ltr'>pectas</span> 
     </span>
    </p>

    <p class='ocr_par' dir='ltr' id='par_1_15' title="bbox 393 2982 1097 3058">
     <span class='ocr_line' id='line_1_32' title="bbox 393 2982 1097 3058; baseline 0.006 -22"><span class='ocrx_word' id='word_1_212' title='bbox 393 2982 552 3056; x_wconf 84' lang='lat' dir='ltr'>inguinibus</span> <span class='ocrx_word' id='word_1_213' title='bbox 572 3002 658 3058; x_wconf 84' lang='lat' dir='ltr'>quara</span> <span class='ocrx_word' id='word_1_214' title='bbox 678 2986 807 3055; x_wconf 80' lang='lat' dir='ltr'>detonsus</span> <span class='ocrx_word' id='word_1_215' title='bbox 826 2987 970 3058; x_wconf 72' lang='lat' dir='ltr'>gurgulio</span> <span class='ocrx_word' id='word_1_216' title='bbox 990 2986 1097 3042; x_wconf 80' lang='lat' dir='ltr'>exstat?</span> 
     </span>
    </p>

    <p class='ocr_par' dir='ltr' id='par_1_16' title="bbox 486 3061 1218 3136">
     <span class='ocr_line' id='line_1_33' title="bbox 486 3061 1218 3136; baseline 0.003 -24"><span class='ocrx_word' id='word_1_217' title='bbox 486 3079 491 3098; x_wconf 59' lang='lat' dir='ltr'>i</span> <span class='ocrx_word' id='word_1_218' title='bbox 960 3061 1037 3118; x_wconf 77' lang='lat' dir='ltr'>Pana.</span> <span class='ocrx_word' id='word_1_219' title='bbox 1057 3065 1102 3134; x_wconf 91' lang='lat' dir='ltr'>lV,</span> <span class='ocrx_word' id='word_1_220' title='bbox 1123 3061 1157 3134; x_wconf 77' lang='lat'>37&#39;</span> <span class='ocrx_word' id='word_1_221' title='bbox 1178 3079 1218 3136; x_wconf 80' lang='lat' dir='ltr'>aq.</span> 
     </span>
    </p>

    <p class='ocr_par' dir='ltr' id='par_1_17' title="bbox 195 3128 900 3216">
     <span class='ocr_line' id='line_1_34' title="bbox 195 3128 900 3216; baseline 0.009 -20"><span class='ocrx_word' id='word_1_222' title='bbox 195 3171 198 3180; x_wconf 46' lang='grc' dir='ltr'>ι</span> <span class='ocrx_word' id='word_1_223' title='bbox 245 3128 464 3196; x_wconf 85' lang='lat' dir='ltr'>CURIOSUS.</span> <span class='ocrx_word' id='word_1_224' title='bbox 488 3165 528 3180; x_wconf 87' lang='lat'>—-</span> <span class='ocrx_word' id='word_1_225' title='bbox 550 3133 616 3195; x_wconf 87' lang='lat' dir='ltr'>Pro</span> <span class='ocrx_word' id='word_1_226' title='bbox 638 3133 793 3216; x_wconf 82' lang='lat' dir='ltr'>zelotypo.</span> <span class='ocrx_word' id='word_1_227' title='bbox 897 3195 900 3202; x_wconf 94' lang='grc'><em>,</em></span> 
     </span>
    </p>

    <p class='ocr_par' dir='ltr' id='par_1_18' title="bbox 341 3211 1367 3421">
     <span class='ocr_line' id='line_1_35' title="bbox 403 3211 1367 3293; baseline 0.002 -25"><span class='ocrx_word' id='word_1_228' title='bbox 403 3215 501 3284; x_wconf 84' lang='lat' dir='ltr'>„Sume</span> <span class='ocrx_word' id='word_1_229' title='bbox 520 3233 587 3289; x_wconf 83' lang='lat' dir='ltr'>crgo</span> <span class='ocrx_word' id='word_1_230' title='bbox 608 3219 775 3289; x_wconf 86' lang='lat' dir='ltr'>amplexum,</span> <span class='ocrx_word' id='word_1_231' title='bbox 797 3219 820 3273; x_wconf 89' lang='lat' dir='ltr'>ai</span> <span class='ocrx_word' id='word_1_232' title='bbox 840 3219 942 3289; x_wconf 81' lang='lat' dir='ltr'>placet:</span> <span class='ocrx_word' id='word_1_233' title='bbox 963 3239 1051 3293; x_wconf 87' lang='lat' dir='ltr'>nequa</span> <span class='ocrx_word' id='word_1_234' title='bbox 1071 3229 1110 3273; x_wconf 83' lang='lat' dir='ltr'>eat</span> <span class='ocrx_word' id='word_1_235' title='bbox 1130 3211 1203 3292; x_wconf 85' lang='lat' dir='ltr'>quod</span> <span class='ocrx_word' id='word_1_236' title='bbox 1222 3217 1367 3272; x_wconf 82' lang='lat' dir='ltr'>cariosam</span> 
     </span>
     <span class='ocr_line' id='line_1_36' title="bbox 341 3289 1255 3421; baseline 0.003 -75"><span class='ocrx_word' id='word_1_237' title='bbox 341 3289 458 3364; x_wconf 78' lang='lat' dir='ltr'>aliquem</span> <span class='ocrx_word' id='word_1_238' title='bbox 479 3292 652 3349; x_wconf 83' lang='lat' dir='ltr'>extimescas:</span> <span class='ocrx_word' id='word_1_239' title='bbox 673 3294 753 3366; x_wconf 85' lang='lat' dir='ltr'>longa</span> <span class='ocrx_word' id='word_1_240' title='bbox 771 3294 806 3349; x_wconf 82' lang='lat' dir='ltr'>ab</span> <span class='ocrx_word' id='word_1_241' title='bbox 826 3295 880 3352; x_wconf 89' lang='lat' dir='ltr'>hoo</span> <span class='ocrx_word' id='word_1_242' title='bbox 899 3298 961 3352; x_wconf 88' lang='lat' dir='ltr'>loco</span> <span class='ocrx_word' id='word_1_243' title='bbox 980 3296 1068 3353; x_wconf 82' lang='lat' dir='ltr'>irater</span> <span class='ocrx_word' id='word_1_244' title='bbox 1087 3295 1153 3359; x_wconf 85' lang='lat' dir='ltr'>sst‚“</span> <span class='ocrx_word' id='word_1_245' title='bbox 1234 3367 1255 3421; x_wconf 70' lang='lat' dir='ltr'><em>S</em></span> 
     </span>
    </p>

    <p class='ocr_par' dir='ltr' id='par_1_19' title="bbox 1091 3371 1297 3424">
     <span class='ocr_line' id='line_1_37' title="bbox 1091 3371 1297 3424; baseline -0.019 0"><span class='ocrx_word' id='word_1_246' title='bbox 1091 3371 1212 3424; x_wconf 77' lang='lat' dir='ltr'>Parnon.</span> <span class='ocrx_word' id='word_1_247' title='bbox 1256 3374 1297 3421; x_wconf 82' lang='lat' dir='ltr'>at.</span> 
     </span>
    </p>
   </div>
   <div class='ocr_carea' id='block_1_12' title="bbox 247 3451 1370 3542">
    <p class='ocr_par' dir='ltr' id='par_1_20' title="bbox 247 3451 1370 3542">
     <span class='ocr_line' id='line_1_38' title="bbox 247 3451 1370 3542; baseline -0.003 -20"><span class='ocrx_word' id='word_1_248' title='bbox 247 3451 459 3522; x_wconf 76' lang='lat' dir='ltr'>CURRUCA.</span> <span class='ocrx_word' id='word_1_249' title='bbox 480 3484 523 3501; x_wconf 47' lang='lat' dir='ltr'>-s</span> <span class='ocrx_word' id='word_1_250' title='bbox 542 3457 618 3520; x_wconf 80' lang='lat' dir='ltr'>Avis</span> <span class='ocrx_word' id='word_1_251' title='bbox 640 3479 709 3542; x_wconf 87' lang='lat' dir='ltr'>quae</span> <span class='ocrx_word' id='word_1_252' title='bbox 734 3461 840 3523; x_wconf 86' lang='lat' dir='ltr'>cuculi</span> <span class='ocrx_word' id='word_1_253' title='bbox 861 3483 921 3525; x_wconf 83' lang='lat' dir='ltr'>ova</span> <span class='ocrx_word' id='word_1_254' title='bbox 941 3461 1054 3526; x_wconf 79' lang='lat' dir='ltr'>fovere</span> <span class='ocrx_word' id='word_1_255' title='bbox 1077 3463 1251 3526; x_wconf 89' lang='lat' dir='ltr'>dicebatur.</span> <span class='ocrx_word' id='word_1_256' title='bbox 1297 3458 1370 3520; x_wconf 87' lang='lat' dir='ltr'>inde</span> 
     </span>
    </p>
   </div>
   <div class='ocr_carea' id='block_1_13' title="bbox 333 3535 1372 3690">
    <p class='ocr_par' dir='ltr' id='par_1_21' title="bbox 333 3535 1372 3690">
     <span class='ocr_line' id='line_1_39' title="bbox 333 3535 1372 3629; baseline 0.001 -26"><span class='ocrx_word' id='word_1_257' title='bbox 333 3561 456 3603; x_wconf 67' lang='lat' dir='ltr'>curura</span> <span class='ocrx_word' id='word_1_258' title='bbox 477 3540 644 3605; x_wconf 84' lang='lat' dir='ltr'>dicebatur</span> <span class='ocrx_word' id='word_1_259' title='bbox 673 3545 801 3608; x_wconf 87' lang='lat' dir='ltr'>maritus</span> <span class='ocrx_word' id='word_1_260' title='bbox 823 3546 912 3629; x_wconf 90' lang='lat' dir='ltr'>cujus</span> <span class='ocrx_word' id='word_1_261' title='bbox 936 3569 1017 3612; x_wconf 83' lang='lat' dir='ltr'>uxor</span> <span class='ocrx_word' id='word_1_262' title='bbox 1037 3548 1169 3612; x_wconf 79' lang='lat' dir='ltr'>moecha.</span> <span class='ocrx_word' id='word_1_263' title='bbox 1213 3544 1289 3609; x_wconf 59' lang='lat' dir='ltr'>vid,</span> <span class='ocrx_word' id='word_1_264' title='bbox 1313 3535 1372 3606; x_wconf 85' lang='lat' dir='ltr'>Cu·</span> 
     </span>
     <span class='ocr_line' id='line_1_40' title="bbox 333 3637 822 3690; baseline -0.008 0"><span class='ocrx_word' id='word_1_265' title='bbox 333 3645 439 3690; x_wconf 76' lang='lat' dir='ltr'>nouus.</span> <span class='ocrx_word' id='word_1_266' title='bbox 819 3637 822 3646; x_wconf 88' lang='lat'>&#39;</span> 
     </span>
    </p>
   </div>
   <div class='ocr_carea' id='block_1_14' title="bbox 672 3695 1034 3770">
    <p class='ocr_par' dir='ltr' id='par_1_22' title="bbox 672 3695 1034 3770">
     <span class='ocr_line' id='line_1_41' title="bbox 672 3695 1034 3770; baseline 0.014 -6"><span class='ocrx_word' id='word_1_267' title='bbox 672 3749 733 3765; x_wconf 91' lang='grc'><strong>.....</strong></span> <span class='ocrx_word' id='word_1_268' title='bbox 743 3707 785 3768; x_wconf 78' lang='lat' dir='ltr'>Tu</span> <span class='ocrx_word' id='word_1_269' title='bbox 801 3695 891 3770; x_wconf 85' lang='lat' dir='ltr'>credis</span> <span class='ocrx_word' id='word_1_270' title='bbox 909 3731 1034 3769; x_wconf 85' lang='lat' dir='ltr'>amoram</span> 
     </span>
    </p>
   </div>
   <div class='ocr_carea' id='block_1_15' title="bbox 401 3775 1147 3914">
    <p class='ocr_par' dir='ltr' id='par_1_23' title="bbox 401 3775 1147 3914">
     <span class='ocr_line' id='line_1_42' title="bbox 402 3775 1147 3864; baseline 0.011 -28"><span class='ocrx_word' id='word_1_271' title='bbox 402 3775 445 3836; x_wconf 77' lang='lat' dir='ltr'>&#39;tu</span> <span class='ocrx_word' id='word_1_272' title='bbox 463 3777 512 3837; x_wconf 88' lang='lat' dir='ltr'>tihi</span> <span class='ocrx_word' id='word_1_273' title='bbox 532 3787 742 3842; x_wconf 82' lang='lat' dir='ltr'>tuno&#39;curruca</span> <span class='ocrx_word' id='word_1_274' title='bbox 759 3791 860 3862; x_wconf 84' lang='lat' dir='ltr'>places,</span> <span class='ocrx_word' id='word_1_275' title='bbox 879 3789 1024 3864; x_wconf 80' lang='lat' dir='ltr'>fletumque</span> <span class='ocrx_word' id='word_1_276' title='bbox 1044 3789 1147 3846; x_wconf 82' lang='lat' dir='ltr'>labellis</span> 
     </span>
     <span class='ocr_line' id='line_1_43' title="bbox 401 3857 547 3914; baseline -0.007 -2"><span class='ocrx_word' id='word_1_277' title='bbox 401 3857 547 3914; x_wconf 83' lang='lat' dir='ltr'>Exsorbea.</span> 
     </span>
    </p>
   </div>
   <div class='ocr_carea' id='block_1_16' title="bbox 250 3941 1257 4123">
    <p class='ocr_par' dir='ltr' id='par_1_24' title="bbox 250 3941 1257 4123">
     <span class='ocr_line' id='line_1_44' title="bbox 577 3941 1257 4014; baseline -0.007 -16"><span class='ocrx_word' id='word_1_278' title='bbox 577 3977 581 3983; x_wconf 90' lang='lat'>-</span> <span class='ocrx_word' id='word_1_279' title='bbox 664 3977 666 3980; x_wconf 94' lang='lat'><em>-</em></span> <span class='ocrx_word' id='word_1_280' title='bbox 873 4007 876 4014; x_wconf 68' lang='lat'>,</span> <span class='ocrx_word' id='word_1_281' title='bbox 942 3941 1257 4014; x_wconf 78' lang='lat' dir='ltr'>Jur.l&#39;l,275aqq.¹</span> 
     </span>
     <span class='ocr_line' id='line_1_45' title="bbox 250 4011 1256 4123; baseline 0.004 -34"><span class='ocrx_word' id='word_1_282' title='bbox 250 4011 427 4090; x_wconf 64' lang='lat' dir='ltr'>Custos.</span> <span class='ocrx_word' id='word_1_283' title='bbox 450 4057 491 4072; x_wconf 86' lang='lat'>·—</span> <span class='ocrx_word' id='word_1_284' title='bbox 512 4027 602 4088; x_wconf 82' lang='lat' dir='ltr'>Mene</span> <span class='ocrx_word' id='word_1_285' title='bbox 623 4049 772 4110; x_wconf 81' lang='lat' dir='ltr'>graecum.</span> <span class='ocrx_word' id='word_1_286' title='bbox 815 4034 879 4094; x_wconf 93' lang='lat' dir='ltr'>Pro</span> <span class='ocrx_word' id='word_1_287' title='bbox 901 4033 1069 4094; x_wconf 88' lang='lat' dir='ltr'>mulierum</span> <span class='ocrx_word' id='word_1_288' title='bbox 1090 4032 1256 4123; x_wconf 90' lang='lat' dir='ltr'>pudendis.</span> 
     </span>
    </p>
   </div>
   <div class='ocr_carea' id='block_1_17' title="bbox 401 4110 1157 4266">
    <p class='ocr_par' dir='ltr' id='par_1_25' title="bbox 401 4110 1157 4266">
     <span class='ocr_line' id='line_1_46' title="bbox 401 4110 1157 4186; baseline 0.007 -21"><span class='ocrx_word' id='word_1_289' title='bbox 401 4110 476 4165; x_wconf 85' lang='lat' dir='ltr'>Dum</span> <span class='ocrx_word' id='word_1_290' title='bbox 495 4118 594 4164; x_wconf 79' lang='lat' dir='ltr'>caston</span> <span class='ocrx_word' id='word_1_291' title='bbox 612 4123 764 4185; x_wconf 83' lang='lat' dir='ltr'>cuatonqas</span> <span class='ocrx_word' id='word_1_292' title='bbox 783 4126 861 4186; x_wconf 78' lang='lat' dir='ltr'>putas</span> <span class='ocrx_word' id='word_1_293' title='bbox 882 4117 1032 4172; x_wconf 89' lang='lat' dir='ltr'>communis</span> <span class='ocrx_word' id='word_1_294' title='bbox 1052 4115 1157 4184; x_wconf 86' lang='lat' dir='ltr'>odoris,</span> 
     </span>
     <span class='ocr_line' id='line_1_47' title="bbox 440 4185 1063 4266; baseline 0.01 -28"><span class='ocrx_word' id='word_1_295' title='bbox 440 4185 476 4239; x_wconf 88' lang='lat' dir='ltr'>Et</span> <span class='ocrx_word' id='word_1_296' title='bbox 494 4186 612 4241; x_wconf 81' lang='lat' dir='ltr'>nardum</span> <span class='ocrx_word' id='word_1_297' title='bbox 630 4203 664 4242; x_wconf 87' lang='lat' dir='ltr'>ao</span> <span class='ocrx_word' id='word_1_298' title='bbox 682 4189 780 4243; x_wconf 86' lang='lat' dir='ltr'>sardas</span> <span class='ocrx_word' id='word_1_299' title='bbox 799 4207 856 4244; x_wconf 82' lang='lat' dir='ltr'>esse</span> <span class='ocrx_word' id='word_1_300' title='bbox 874 4209 973 4266; x_wconf 76' lang='lat' dir='ltr'>aspora</span> <span class='ocrx_word' id='word_1_301' title='bbox 993 4191 1063 4263; x_wconf 85' lang='lat' dir='ltr'>pari.</span> 
     </span>
    </p>
   </div>
   <div class='ocr_carea' id='block_1_18' title="bbox 736 4265 1265 4340">
    <p class='ocr_par' dir='ltr' id='par_1_26' title="bbox 736 4265 1265 4340">
     <span class='ocr_line' id='line_1_48' title="bbox 736 4265 1265 4340; baseline -0.002 -20"><span class='ocrx_word' id='word_1_302' title='bbox 736 4279 741 4284; x_wconf 87' lang='grc'><strong><em>·</em></strong></span> <span class='ocrx_word' id='word_1_303' title='bbox 807 4267 907 4322; x_wconf 74' lang='lat' dir='ltr'>Aaron.</span> <span class='ocrx_word' id='word_1_304' title='bbox 927 4267 1036 4337; x_wconf 69' lang='lat' dir='ltr'>Epigr.</span> <span class='ocrx_word' id='word_1_305' title='bbox 1057 4265 1166 4338; x_wconf 79' lang='lat' dir='ltr'>cxvn,</span> <span class='ocrx_word' id='word_1_306' title='bbox 1185 4265 1203 4322; x_wconf 82' lang='lat'>5</span> <span class='ocrx_word' id='word_1_307' title='bbox 1221 4275 1265 4340; x_wconf 78' lang='lat' dir='ltr'>aq.</span> 
     </span>
    </p>
   </div>
   <div class='ocr_carea' id='block_1_19' title="bbox 337 4346 1472 4517">
    <p class='ocr_par' dir='ltr' id='par_1_27' title="bbox 337 4346 1472 4517">
     <span class='ocr_line' id='line_1_49' title="bbox 360 4346 1472 4496; baseline 0.011 -87"><span class='ocrx_word' id='word_1_308' title='bbox 360 4433 380 4496; x_wconf 72' lang='lat' dir='ltr'>h</span> <span class='ocrx_word' id='word_1_309' title='bbox 412 4348 536 4449; x_wconf 58' lang='lat' dir='ltr'>blodem</span> <span class='ocrx_word' id='word_1_310' title='bbox 565 4372 659 4416; x_wconf 89' lang='lat' dir='ltr'>sensu</span> <span class='ocrx_word' id='word_1_311' title='bbox 685 4349 807 4429; x_wconf 74' lang='lat' dir='ltr'>adoras</span> <span class='ocrx_word' id='word_1_312' title='bbox 834 4359 951 4444; x_wconf 85' lang='lat' dir='ltr'>legitur</span> <span class='ocrx_word' id='word_1_313' title='bbox 973 4358 1006 4422; x_wconf 90' lang='lat' dir='ltr'>in</span> <span class='ocrx_word' id='word_1_314' title='bbox 1034 4359 1240 4422; x_wconf 80' lang='lat' dir='ltr'>Arcarsansibus</span> <span class='ocrx_word' id='word_1_315' title='bbox 1258 4346 1380 4422; x_wconf 74' lang='lat' dir='ltr'>Aristo</span> <span class='ocrx_word' id='word_1_316' title='bbox 1471 4399 1472 4440; x_wconf 72' lang='lat'>,</span> 
     </span>
     <span class='ocr_line' id='line_1_50' title="bbox 337 4449 1472 4517; baseline 0.024 -23"><span class='ocrx_word' id='word_1_317' title='bbox 337 4453 359 4517; x_wconf 90' lang='lat' dir='ltr'>p</span> <span class='ocrx_word' id='word_1_318' title='bbox 384 4453 459 4495; x_wconf 83' lang='lat' dir='ltr'>anis.</span> <span class='ocrx_word' id='word_1_319' title='bbox 1471 4449 1472 4470; x_wconf 56' lang='lat'>¹</span> 
     </span>
    </p>
   </div>
   <div class='ocr_carea' id='block_1_20' title="bbox 255 4503 1067 4614">
    <p class='ocr_par' dir='ltr' id='par_1_28' title="bbox 255 4503 1067 4614">
     <span class='ocr_line' id='line_1_51' title="bbox 255 4503 1067 4614; baseline 0.012 -33"><span class='ocrx_word' id='word_1_320' title='bbox 255 4503 525 4584; x_wconf 65' lang='lat' dir='ltr'>cauo-orus.</span> <span class='ocrx_word' id='word_1_321' title='bbox 547 4553 589 4568; x_wconf 93' lang='lat'><em>-</em></span> <span class='ocrx_word' id='word_1_322' title='bbox 609 4518 671 4586; x_wconf 86' lang='lat' dir='ltr'>Cui</span> <span class='ocrx_word' id='word_1_323' title='bbox 692 4543 797 4606; x_wconf 78' lang='lat' dir='ltr'>orasse</span> <span class='ocrx_word' id='word_1_324' title='bbox 817 4539 889 4590; x_wconf 89' lang='lat' dir='ltr'>aunt</span> <span class='ocrx_word' id='word_1_325' title='bbox 907 4525 1067 4614; x_wconf 80' lang='lat' dir='ltr'>genitalia.</span> 
     </span>
    </p>
   </div>
   <div class='ocr_carea' id='block_1_21' title="bbox 0 0 1514 5046">
    <p class='ocr_par' dir='ltr' id='par_1_29' title="bbox 0 0 1514 5046">
     <span class='ocr_line' id='line_1_52' title="bbox 0 0 1514 5046; baseline 0 0"><span class='ocrx_word' id='word_1_326' title='bbox 0 0 1514 5046; x_wconf 95' lang='lat' dir='ltr'> </span> 
     </span>
    </p>
   </div>
  </div>
 </body>
</html>
