2982 5046
725 369 869 446 CONG

308 585 310 591 ,
386 541 613 616 „Existimabatur
641 542 717 597 emm
741 541 879 611 Servilia,
906 539 986 594 etiam
1016 535 1098 593 titia
1125 552 1202 592 suem
1229 536 1355 596 Tertiam

332 620 488 674 conciliare
506 619 637 674 ΟΜΝ(

434 731 436 743 .
910 689 990 742 Sues.
1011 688 1040 740 in
1058 686 1118 738 Jct.
1141 687 1212 748 Coeo.
1233 689 1281 744 50.

385 769 473 840 „Tum
490 768 527 824 ed
545 785 607 824 cum
625 767 715 835 idean
734 775 791 821 tute
809 763 949 828 concilies,
971 773 1026 818 tute
1046 764 1171 832 poscas.“

879 841 977 896 Putur.
1000 836 1080 896 Trio.
1100 837 1134 902 ΙΙ,
1155 855 1191 900 rr,
1216 837 1278 898 105.

387 917 433 988 „Si
452 935 506 972 oon
527 916 648 982 faetidis,
667 914 773 990 inquit.
796 913 929 968 feminam
949 924 1089 978 ornatam,
1119 922 1145 965 et
1164 913 1217 967 boc
1237 917 1356 984 primum

330 1009 402 1050 enno
423 993 513 1050 virum
531 1003 680 1064 expertam,
699 989 817 1046 concilio
833 988 894 1058 tibi,
915 1006 932 1044 ο
950 988 1065 1060 juvenis,
1086 989 1238 1043 sororem.“

997 1071 999 1078 '
1046 1061 1050 1070 ’
1074 1064 1193 1119 Person.
1215 1063 1280 1118 Sat.

393 1141 486 1204 Inde:

162 1183 165 1190 Ι
235 1221 538 1288 CONCILIATOR.
559 1259 602 1274 ·-
621 1217 769 1286 Pacarius
803 1220 938 1301 domini,
971 1221 1078 1295 similis
1101 1220 1267 1284 emissariis
1289 1223 1356 1306 (psi,

317 1321 395 1371 teste
418 1309 610 1390 Lampridio,
632 1307 714 1368 hene
736 1317 859 1366 nasusos
880 1305 1113 1387 perquirebant,
1137 1317 1169 1366 et
1190 1307 1229 1366 ad
1246 1309 1357 1368 Helio·

318 1390 467 1474 gabalum
488 1391 721 1474 perducebant,
751 1401 918 1450 uteorum
940 1388 1172 1451 conditionibus
1199 1402 1356 1452 uteretur.

320 1476 443 1538 Gallice
465 1497 502 1534 un
523 1478 658 1543 bonosum
680 1497 717 1533 un
735 1493 920 1555 pourooycur.

382 1557 555 1630 „Praefectum
567 1588 570 1593 f
582 1557 703 1628 praetorii
731 1573 810 1628 quem
829 1555 963 1615 habebat,
994 1553 1113 1627 occidit3
1138 1553 1167 1612 in
1187 1559 1243 1628 ejus
1263 1558 1356 1613 locum

327 1633 528 1689 matroniaoum
548 1643 675 1702 veterem,
693 1632 910 1686 conciliatorem
925 1628 1018 1683 iecit.“

934 1707 1041 1758 Vosne.
1061 1704 1096 1757 de
1115 1703 1186 1758 Cor.
1210 1704 1278 1774 imp.

235 1775 548 1844 conctutautttx.
571 1816 612 1828 -
633 1783 703 1842 Non
726 1778 854 1862 publice
876 1779 963 1840 lena:
986 1780 1042 1840 sed
1063 1780 1144 1841 clam
1163 1791 1195 1842 et
1211 1778 1358 1862 privatim

315 1873 495 1948 stuprorum
518 1877 549 1926 et
570 1865 799 1926 adulteriorum
822 1875 992 1944 sequestra.

381 1949 474 2004 Multis
493 1948 558 2002 inde·
574 1949 643 2002 iocis
664 1947 836 2002 sermonibus
855 1945 1057 2000 coucelebrebit

382 2024 502 2078 Aetatem
520 2036 546 2078 ct
566 2023 670 2092 iscium,
690 2033 720 2078 ut
734 2039 804 2094 saga
824 2032 850 2074 et
870 2022 940 2075 bona
960 2017 1173 2075 conciliatrix:

383 2095 465 2240 guod
484 2099 587 2170 gracile
606 2109 655 2166 est,
675 2100 773 2169 pernix
794 2095 918 2167 pedibus,
939 2097 1011 2166 quod
1028 2105 1138 2166 pectore
1161 2112 1246 2168 puro,

412 2173 466 2228 uod
484 2191 571 2246 puero
591 2172 701 2244 simiiis3
720 2189 808 2244 neque
828 2172 866 2225 uti
887 2171 1033 2244 pyrgentia
1053 2182 1153 2224 scorto.

382 2247 433 2302 Hic
452 2267 552 2319 corpus
572 2249 688 2303 soiidum
708 2245 848 2318 invenies;
869 2245 915 2302 bic
935 2258 1008 2299 stare
1024 2244 1141 2318 pupiilae

384 2321 499 2378 Pectore
518 2341 673 2378 marmoreo
683 2361 743 2376 .....
1189 2363 1191 2370 ,

651 2397 705 2450 Ex.
722 2395 891 2450 Centonibur
910 2393 1085 2462 Locilipnio,
1103 2393 1124 2458 Ι,
1146 2411 1167 2457 ι,
1187 2411 1244 2466 sqq.

383 2469 461 2541 „Non
480 2471 554 2528 vides
574 2489 656 2547 quum
675 2471 777 2527 blanda
795 2471 994 2540 conciliatrix,
1014 2480 1041 2524 et
1061 2469 1141 2542 quim
1161 2467 1195 2524 sit
1213 2470 1275 2523 lena
1295 2467 1356 2542 ipse

326 2547 454 2602 nature.“
510 2571 514 2580 ·
547 2601 549 2608 ,

274 2652 276 2656 ’
971 2617 1033 2674 Cro.
1053 2616 1123 2672 Not.
1145 2615 1233 2670 Deor.
1253 2587 1279 2678 Ι.
1377 2602 1384 2628 '

200 2787 202 2792 ,
233 2707 397 2780 conicio
432 2711 720 2776 MERETRICUM.
752 2744 794 2758 -·
825 2711 933 2774 Romae
963 2708 1154 2854 prostibulas
1194 2721 1225 2771 et
1252 2723 1358 2774 scorta

304 2800 419 2868 ,omnia
440 2796 472 2860 in
494 2797 577 2858 aedes
597 2796 739 2878 publicas
762 2792 893 2874 collegit
914 2797 963 2854 He
978 2793 1151 2877 iugabaius.

383 2882 434 2953 „Et
459 2880 533 2951 opud
561 2898 605 2934 eas
625 2876 785 2934 concionem
804 2877 899 2932 hebuit
919 2877 996 2948 quasi
1015 2877 1175 2945 militarem,
1201 2875 1292 2931 diceus
1310 2894 1358 2932 ees

327 2955 541 3014 commilitones:
570 2954 772 3028 disputavitque
802 2953 836 3008 dc
854 2952 999 3026 generibus
1019 2964 1046 3007 et
1064 2951 1243 3007 schematibus
1261 2953 1359 3026 volup·

327 3031 440 3088 tutum.“

884 3101 1023 3156 Lustrum.
1043 3102 1073 3164 in
1094 3099 1278 3172 Heliogabal.

391 3176 466 3241 Vid.
490 3176 693 3239 Snuacnnnu.
1147 3225 1152 3234 .

237 3255 510 3338 CONCUBARE.
531 3294 572 3306 —
594 3263 658 3322 Pro
681 3261 779 3322 coine.
1011 3311 1013 3318 .

393 3345 514 3400 Credere
535 3344 579 3398 rix
598 3344 709 3416 possim,
731 3345 782 3398 nisi
803 3355 882 3416 cegat
902 3343 1015 3399 credere
1034 3353 1139 3416 pertus,

427 3421 482 3476 vos
501 3436 551 3493 ego
570 3438 630 3475 curn
651 3420 748 3474 vestrii
768 3421 947 3474 concubuisse
965 3418 1040 3476 viris.

655 3491 736 3549 Orto.
759 3501 827 3554 Art.
849 3500 946 3548 Amat.
967 3493 1013 3560 ΙΙΙ,
1038 3491 1087 3546 roi
1109 3511 1149 3566 eq.

240 3581 498 3650 CONCUBINA.
524 3621 564 3634 -·
587 3586 702 3652 Mulier
723 3585 791 3648 viro
813 3607 870 3648 suo
893 3607 953 3646 non
976 3597 1080 3666 nupta,
1101 3597 1203 3644 tamen
1217 3585 1359 3666 proprio,

323 3669 411 3754 quasi
433 3690 523 3728 uxor.
566 3670 641 3731 Vid.
663 3669 751 3756 leges
773 3691 915 3730 romanas
930 3667 972 3729 clo
996 3665 1168 3728 Concubinis.

393 3754 541 3814 Matronae
570 3772 682 3812 nomen
711 3751 880 3834 matrisque
909 3751 1042 3814 familias
1066 3751 1259 3812 honestatem
1282 3751 1358 3811 retid

319 3834 428 3896 nebat:
458 3835 543 3895 unde
571 3847 711 3916 stuprum
740 3838 772 3896 in
799 3838 978 3898 concubinum
999 3835 1072 3916 lege
1094 3834 1176 3896 Julia
1199 3833 1360 3915 plecteba-

319 3930 373 3980 tur
392 3930 538 3999 tanquam
560 3917 591 3977 in
613 3919 790 4004 ingenuam.
833 3920 908 3983 Vid.
930 3915 1084 3981 Incunct-
1304 3981 1307 3984 .

297 3994 306 4007 ⁸
388 3995 479 4075 „Qum
505 4000 531 4062 si¹
546 4002 715 4067 judicaretur
734 4001 815 4057 certis
837 4003 945 4076 quidem
964 4002 1063 4070 verbis,
1082 4018 1139 4054 non
1157 3999 1234 4056 novis
1254 3999 1359 4072 nuptiis

333 4073 392 4130 beri
413 4093 475 4131 cum
494 4076 638 4148 superiore
666 4077 823 4147 disortium,
843 4077 872 4131 in
891 4077 1056 4132 concubinos
1069 4077 1164 4205 (ipcum
1184 4074 1362 4204 duocereturl‘

340 4163 344 4168 '
765 4177 767 4182 ·
1095 4168 1131 4204 rc.
1152 4152 1186 4205 de
1231 4153 1291 4208 rat.

398 4239 573 4302 Concubincs
591 4244 748 4304 Romanos
770 4241 919 4324 ingenuas
943 4243 1065 4306 habere
1092 4243 1192 4308 vetuit
1213 4240 1361 4305 Aurelia·
1465 4323 1468 4326 Ι

323 4342 392 4404 nus,
414 4325 591 4386 concedens
612 4338 713 4387 tameo
735 4325 907 4389 libertinas.
931 4327 1059 4409 (Vopisci
1079 4333 1108 4388 in
1128 4327 1241 4408 Aurei)

451 4407 487 4460 Et
505 4408 625 4463 ustuanti
646 4419 726 4464 tenue
747 4409 858 4464 ventilat
876 4411 963 4484 frigus

449 4475 553 4555 Supina
570 4481 682 4556 prasino
701 4484 861 4539 concubino
879 4484 995 4541 flabello.

802 4557 895 4618 Mser.
918 4560 962 4632 ΙΙΙ,
982 4575 1089 4633 uxxxrr,
1111 4575 1144 4614 te
1163 4575 1204 4632 oq.
