2962 5040
725 339 862 408 BALN

390 509 435 582 „Si
463 529 522 586 quae
546 528 604 566 non
628 518 712 582 nupta
739 511 839 565 mntier
859 509 970 566 domum
995 525 1074 568 onam
1098 509 1257 581 patefecerit
1281 511 1359 566 omni

324 587 483 657 eupiditati3
509 587 531 641 ei
553 588 605 642 hoo
625 587 653 640 in
673 587 751 658 orbe,
772 587 795 641 oi
814 586 842 642 in
861 587 964 656 hortis,
991 587 1013 641 ιί
1034 586 1062 640 in
1081 585 1230 640 Baiarum
1248 585 1296 641 illa
1313 605 1358 643 ee·

325 661 450 718 Iebritute
467 661 583 717 fureret·
592 663 646 695 ·····
647 661 654 692 ‘
1313 721 1315 728 ,

525 752 528 758 ·
988 734 1049 790 Cro.
1067 751 1124 804 pro
1144 736 1213 790 eol.
1235 741 1280 810 49.

417 811 510 877 Carta,
529 827 580 865 nee
599 809 716 883 antiquie
735 813 832 866 oedenr
854 809 962 866 Lerina
983 810 1100 880 Sabinu,

455 887 491 940 Et
510 887 631 957 quamrir
651 887 747 941 tetrico
767 887 873 940 trietior
893 888 951 958 ipen
971 886 1050 954 vireta

414 961 489 1015 Dum
509 961 589 1015 modo
610 961 741 1026 Lucrino,
762 963 843 1015 modo
863 980 890 1014 ae
911 962 1043 1032 permittit
1064 961 1182 1030 Averno,

453 1037 489 1090 Et
507 1036 571 1090 dum
590 1036 719 1089 Baianis
739 1055 808 1106 eope
827 1035 936 1091 sovetur
955 1038 1056 1108 aquira

415 1111 515 1166 Inoidit
534 1111 563 1164 in
581 1111 710 1173 flammae,
731 1115 911 1185 tuvenemque
932 1122 1033 1177 renutu,
1053 1110 1151 1166 relicto

434 1212 436 1218 ’
453 1185 587 1258 Coniuge,
609 1188 745 1259 Penelope
763 1187 848 1255 venit,
868 1187 924 1241 abit
944 1187 1053 1240 Helene.

927 1262 1020 1316 Maur.
1037 1261 1057 1324 t,
1078 1279 1164 1324 ιιιιιι,
1189 1278 1197 1312 ι
1222 1277 1279 1334 eqq.

414 1338 458 1392 Τιι
477 1336 559 1390 modo
579 1353 659 1407 quam
680 1336 799 1406 primum
819 1347 963 1408 corruptas
984 1339 1078 1390 dooere
1099 1336 1213 1402 Baius,⁸

452 1411 546 1465 Muris
566 1413 616 1466 ieta
636 1413 738 1466 dabunt
758 1413 840 1466 litore
860 1410 1011 1480 utentium,

398 1485 510 1540 [Litora
531 1505 590 1559 quae
609 1486 717 1548 fuerant
736 1487 817 1540 noetio
837 1486 945 1540 inimica
966 1483 1073 1558 puellis.

350 1609 353 1618 .
450 1559 511 1618 th!
532 1573 645 1634 pereant
664 1562 752 1615 Baice
772 1562 874 1616 crimen
895 1562 994 1616 umoris
1015 1557 1119 1632 aquae!

913 1639 1045 1690 Pnorenr.
1064 1636 1088 1701 1,
1109 1653 1144 1701 ιι,
1167 1652 1198 1703 ²7
1222 1651 1281 1705 ιφ]-

224 1707 434 1770 BALANUS.
458 1747 499 1758 -
521 1705 689 1781 Βᾶλανος.
733 1711 831 1774 GIane
850 1709 972 1770 arboris
992 1707 1121 1784 arabici,
1145 1709 1234 1790 cujus
1250 1703 1359 1768 oleum

310 1791 341 1852 in
364 1793 530 1874 unguentis
554 1795 699 1858 laudatur
722 1795 868 1872 aPIinio‚
888 1795 957 1873 XII,
980 1813 1015 1854 ni
1028 1815 1038 1872 3
1059 1795 1142 1875 XIII,
1170 1817 1196 1874 1,
1217 1790 1275 1853 sub
1300 1810 1359 1850 no·

310 1876 394 1937 mine
414 1879 616 1956 myro-dodini.
1396 1875 1401 1886 '

509 1961 655 2031 Tyrrhena
675 1981 769 2036 regum
789 1962 942 2036 progenies,
962 1961 1012 2016 tibi

509 2036 575 2092 Non
592 2049 655 2092 ento
674 2056 755 2092 verro
775 2039 833 2092 lene
853 2055 958 2092 merum
976 2037 1045 2092 cado

511 2111 581 2166 Cum
605 2113 681 2181 Ilore,
702 2114 845 2179 Meooenae,
866 2122 1050 2178 reuertamur

547 2187 641 2242 Preion
661 2188 714 2244 tuit
733 2189 858 2242 tatanus
878 2187 982 2260 oapiIIie

508 2259 673 2318 Iamdudum
693 2265 766 2337 apud
785 2282 832 2318 mo
847 2275 897 2316 est.

690 2383 692 2396 ι
853 2339 925 2394 Idem
948 2335 1001 2393 od.
1017 2334 1064 2402 III,
1084 2352 1160 2398 xxix,
1185 2351 1194 2386 ι
1219 2349 1280 2408 sqq.

340 2455 344 2464 .
380 2410 507 2472 Bolanus
544 2409 578 2474 in
608 2411 732 2496 deliciis
760 2413 903 2475 mollium
934 2423 967 2473 et
997 2410 1201 2472 oinaedorum.
1262 2405 1356 2470 Unde

306 2495 452 2564 Persius:
1111 2549 1113 2554 .

432 2579 477 2632 To
495 2593 580 2650 quum
598 2577 714 2634 merilli·
734 2578 903 2642 balanatum
922 2595 1041 2652 gaurano
1060 2587 1152 2650 perte·

433 2653 593 2727 Inguinibus
613 2672 700 2730 quere
719 2654 847 2711 detonouo
865 2655 994 2729 gurgulio
1015 2651 1123 2708 exstat?

1021 2731 1103 2784 Prae.
1114 2728 1159 2796 IV,
1180 2725 1215 2798 37
1236 2743 1278 2799 aq.

382 2799 466 2865 Oleo
490 2803 625 2863 balanino
648 2801 851 2890 ungebantur
873 2799 1008 2868 infantes
1029 2814 1101 2887 post
1126 2801 1276 2864 balneum
1299 2795 1358 2861 fri·

307 2885 428 2970 gidum,
449 2897 596 2968 tanquam
616 2889 771 2949 remedio.

222 2968 433 3036 Batauus,
456 3001 497 3014 -
521 2970 717 3048 Praemium,
738 2969 772 3032 id
796 2984 861 3051 est,
883 2983 1044 3034 veretrum
1065 2969 1149 3030 lanae*
1166 2967 1357 3046 terminatae,

308 3053 395 3134 quod
417 3051 519 3114 vulvae
542 3052 588 3130 adv
603 3053 863 3116 medicamentum
887 3053 1113 3116 intromittitur.
1157 3049 1221 3114 Sed
1241 3049 1358 3112 infimae

308 3135 484 3212 latinitatis;
517 3157 586 3196 nam
617 3135 650 3194 1d
679 3157 777 3217 genus
804 3139 939 3199 remedii
962 3139 1070 3200 Celsus
1099 3147 1211 3200 notare
1232 3135 1356 3213 volens,

307 3218 464 3280 vocabulo
486 3217 584 3280 latino
606 3220 768 3282 nominare
789 3243 851 3282 non
873 3223 983 3302 potuit.
1110 3273 1112 3284 .

171 3351 175 3368 t
225 3303 423 3365 BALNEAE.
449 3335 488 3348 ·-
511 3304 544 3361 In
569 3302 690 3362 deliciis
710 3306 821 3386 populi
841 3309 972 3378 romani,
998 3316 1142 3384 tanquam
1165 3312 1263 3364 ooetne
1281 3322 1360 3384 ¹gar·

309 3382 454 3446 rulorum
477 3397 508 3446 et
529 3383 799 3467 famigeratorum,
814 3389 952 3449 necnon·
964 3389 1032 3449 Ioci
1049 3387 1227 3450 Ioedissimae
1249 3383 1358 3446 lihidi-

240 3541 243 3548 Δ
308 3469 367 3530 nis.
410 3469 592 3531 Plebeouiae
615 3470 836 3550 aperiebantur
856 3472 984 3533 minimo
1006 3471 1129 3554 pretio;
1151 3469 1356 3553 quandoque,

309 3552 471 3634 impendio
495 3553 582 3613 nullo
604 3573 644 3613 ex
665 3552 876 3617 munificentia
898 3575 1081 3636 procerum.

382 3635 543 3708 „Balneum
563 3653 619 3710 quo
639 3645 702 3691 trouu
721 3637 824 3706 initiet,
845 3638 912 3691 sine
930 3641 1056 3694 mercede
1076 3637 1227 3694 exhibuit.“

764 3712 825 3768 Juu·
846 3713 1060 3774 Caetronium
1079 3719 1189 3768 Antan.
1211 3712 1278 3770 Pio.

383 3784 497 3930 Ιὲιίιιεέι
518 3783 652 3867 publicis
677 3787 850 3870 quadrante
879 3789 1061 3852 lavabantur
1084 3791 1254 3851 tenuiores.
1287 3785 1357 3868 (Se-

311 3889 371 3928 nto.
440 3911 448 3926 .
514 3913 521 3929 .

379 3890 510 4023 Spdrtuii
523 3869 602 4006 imita
622 3955 719 4008 datur:
740 3951 823 4028 g'rotis
843 3955 960 4012 oonrirn
978 3955 1125 4010 recumbit.

416 4026 470 4081 Dio
489 4027 565 4089 mihi,
586 4029 651 4100 quid
670 4029 773 4087 Romae.
795 4029 963 4104 Gargilium,
983 4027 1071 4086 Iocis?

378 4100 457 4155 Unde
478 4101 526 4156 tihi
546 4105 638 4175 togula
658 4115 706 4172 eet,
727 4118 753 4158 ot
771 4105 853 4162 fuacae
872 4107 967 4180 penaio
987 4103 1085 4162 cetto?

416 4173 495 4231 Unde
514 4177 596 4233 datur
614 4179 788 4252 quadrans?

828 4282 833 4292 ·
931 4255 1024 4310 Mtnr.
1034 4253 1081 4320 III,
1101 4273 1164 4324 xxx,
1186 4272 1197 4308 ι
1220 4269 1280 4326 tqq.

379 4325 421 4379 No
441 4327 551 4399 longum
571 4327 680 4397 sariam,
700 4331 763 4383 dum
783 4340 813 4385 to
832 4332 996 4404 quadrante
1015 4330 1137 4385 Iuratuni

377 4399 436 4454 Rex
456 4400 517 4467 ibin,
539 4421 627 4476 neque
648 4415 676 4458 te
694 4405 836 4478 quisquam
856 4407 980 4479 stipator,
1001 4405 1124 4478 ineptum

379 4474 482 4532 Praeter
500 4477 667 4554 Crispinum,
683 4481 894 4538 sectabitur.....

563 4569 566 4574 ’
853 4555 935 4614 IIon.
956 4556 1018 4611 Sat.
1030 4555 1054 4628 I,
1075 4573 1125 4628 ιιι,
1147 4552 1199 4627 ¹⁵7
1220 4567 1282 4626 rqq.
