2846 5036
700 345 845 409 KDUB

367 511 429 570 Ου’
443 529 594 589 manusqup
611 512 715 579 ambus,
732 513 919 584 populatique
933 518 1060 582 mpura
1078 508 1167 582 raptis

367 589 496 660 duribus,
514 601 542 646 et
560 602 671 647 usuum
688 587 832 644 inhonesto
847 588 965 642 vvulnere
983 601 1075 640 neme.

379 661 383 670 “
814 666 898 719 Vsne.
920 661 1035 714 Aeneid.
1054 659 1100 728 Vl,
1121 667 1175 731 l9b
1195 675 1255 734 sqq.
1304 693 1307 698 ·

366 756 562 838 Pauperibus
583 755 616 816 iu
637 754 778 815 rumora
802 752 1008 836 deprehensis
1028 737 1254 828 Athenienses,
1279 773 1335 813 an·

292 838 380 921 tique
401 859 510 917 more,
532 850 618 900 nates
640 859 712 900 cum
733 839 840 899 cinere
863 836 968 902 calido
991 835 1188 921 depilabant,
1217 835 1336 896 deinde

292 921 449 1004 raphanos
478 934 510 983 et
536 921 671 1004 mugiles
697 925 730 982 iu
758 920 906 1002 podicem
934 917 1150 984 immittebant.
1192 919 1247 984 Ad
1267 915 1334 982 boe
1412 983 1413 986 ,

290 1006 478 1094 pppplieium
501 1005 612 1068 alludit
632 1004 811 1067 luvenalis:
1412 1005 1413 1042 l

456 1105 597 1164 .··Necst
616 1103 661 1160 hic
679 1105 766 1172 ferro,
786 1115 860 1162 secet
880 1081 927 1160 ille
945 1105 1066 1161 eruentis

353 1179 535 1252 Verberibus3
555 1181 688 1254 quosdam
707 1177 836 1236 moecbcs'
847 1191 877 1237 et
892 1181 999 1254 mugilis
1019 1180 1112 1236 intret.

1000 1255 1122 1325 trax,
1142 1251 1197 1310 διδ
1216 1269 1257 1328 eq.

362 1328 437 1394 th.
460 1340 492 1390 et
511 1329 616 1396 catull
627 1329 698 1406 XV,
727 1329 777 1413 sq}

360 1413 430 1504 ileo
450 1409 551 1474 minus
573 1411 681 1475 acerbi
701 1413 734 1501 iu
755 1409 907 1500 moechos
928 1412 1032 1506 mariti
1052 1411 1184 1499 romani.

253 1557 257 1577 ,
362 1511 554 1602 „Spmprouius
573 1513 670 1570 Musca
688 1513 721 1570 G·
742 1514 875 1603 Gallium,
903 1514 1107 1602 deprehensum·
1120 1514 1148 1602 in
1159 1511 1333 1602 'adulter-ie,

288 1587 425 1733 iiiii}
449 1590 560 1717 tttt·
577 1589 885 1721 nist-ll‘tmt'tlt
904 1589 1333 1736 tuttelstet

240 1793 243 1803 ,
294 1737 337 1812 hl.
358 1736 467 1794 Pontius
486 1756 502 1795 a
522 1738 551 1795 Ρ.
573 1739 673 1796 Cereio
692 1740 869 1812 deprehensi,
896 1742 1022 1796 castrati
1044 1747 1122 1794 sunt.
1161 1739 1213 1794 Gn.
1236 1737 1330 1812 etiarn,

294 1811 411 1868 Furium
431 1813 593 1898 Brocchum
611 1815 659 1890 qui
685 1815 880 1890 deprehendit,
899 1815 1033 1886 familia
1058 1815 1256 1886 stuprandum
1281 1813 1333 1868 eb·

297 1886 388 1970 jecit.“
1003 1947 1005 1952 .

974 1967 1043 2022 Vsu.
1063 1963 1140 2020 Max.
1160 1961 1208 2033 tt,
1229 1979 1256 2018 1.

411 2055 531 2111 Uxorem
550 2055 647 2110 armati
666 2055 759 2128 futuis,
778 2074 848 2128 puer
866 2057 958 2131 Hylle,
977 2057 1092 2126 tribuni,

449 2130 629 2200 Supplicium
649 2142 753 2187 tentum
772 2133 836 2189 dum
851 2134 968 2203 puerile
985 2133 1072 2196 umes.

410 2203 456 2262 Vre
475 2206 533 2275 tibi,
554 2207 618 2261 dum
636 2207 717 2278 ludis,
736 2209 925 2264 castrubcre.
936 2245 962 2260 ..

919 2282 1011 2344 Mans·
1030 2281 1067 2348 11,
1088 2297 1133 2349 tx,
1156 2297 1168 2335 1
1190 2295 1249 2353 sqq·

410 2367 478 2446 Quis
496 2369 545 2426 tibi
565 2371 699 2442 persuasit
720 2390 809 2428 nares
826 2376 996 2430 abscindere
1015 2370 1145 2428 nauehu?

335 2452 340 2461 “
448 2447 510 2501 Non
530 2447 581 2500 hso
600 2459 738 2518 peccatum
759 2449 1028 2521 carpinianum,
1048 2449 1109 2503 tibi.

410 2520 507 2588 Stulte,
525 2523 590 2594 quid
609 2523 708 2594 egisti?
748 2524 820 2577 Nihil
840 2525 885 2580 hio
902 2535 949 2578 tun
970 2522 1094 2594 perdidit
1113 2538 1195 2593 uxor,
1218 2541 1223 2564 t

446 2594 537 2671 Quum
557 2597 592 2652 sit
610 2599 685 2652 salva
703 2597 747 2652 sui
764 2601 883 2656 mentula
902 2598 1051 2672 Deiphobi.

459 2685 462 2694 “
851 2674 945 2730 Maur.
966 2674 1013 2744 lll,
1031 2690 1130 2739 cxxxv,
1154 2686 1166 2725 ι
1188 2687 1248 2744 sqq.

357 2719 420 2825 Hic
448 2763 561 2825 alludit
580 2721 732 2826 Martialis
763 2764 803 2828 ad
824 2767 957 2829 Helenae
983 2765 1162 2848 moechuus,
1194 2761 1236 2824 de
1265 2781 1332 2846 quo

282 2844 446 2930 Virgilius,
469 2849 547 2909 Aen.
558 2849 614 2924 Vl,
636 2848 698 2910 vid.
720 2869 825 2932 supra.
1064 2935 1066 2938 Ι

357 2945 391 3008 ln
413 2947 573 3008 adulterum
600 2967 673 3008 usus
701 2962 749 3011 est
769 2951 959 3013 Aurelianus
989 2951 1162 3032 imperator
1191 2945 1332 3008 duarum
1408 2953 1417 2964 “

284 3027 437 3092 arborum
468 3027 590 3091 inllexis
621 3032 776 3112 capitibus
807 3033 848 3096 ad
880 3034 977 3116 pedes
1007 3030 1123 3096 moechi
1163 3029 1331 3110 religatis3

282 3131 419 3195 moxque
441 3110 589 3188 dimissis,
610 3114 797 3178 inconvulsus
817 3117 963 3201 utrinque
985 3113 1211 3201 propendebat.
1234 3111 1330 3193 (Vid.
1415 3195 1417 3200 ι

283 3193 353 3256 Cot.
375 3194 469 3257 Rhoe
489 3191 532 3272 X,
555 3196 603 3277 5.)

355 3297 437 3380 llnte
461 3297 567 3382 legem
589 3292 723 3372 Julian,
754 3299 837 3382 apud
860 3303 1036 3377 Romanos,
1068 3312 1103 3361 ut
1132 3299 1209 3362 olim
1239 3296 1329 3381 apud

284 3379 444 3459 Graecos,
475 3381 593 3443 licebat
622 3383 734 3444 marito
763 3401 894 3446 uxorem
924 3384 1091 3462 occidere;
1123 3404 1184 3465 qua
1216 3380 1258 3450 de
1285 3401 1329 3443 re
1415 3451 1417 3456 .

258 3464 423 3542 ,Gellium
456 3465 476 3527 l.
499 3462 548 3539 X,
572 3484 599 3526 c.
623 3467 673 3529 23.
717 3467 853 3529 Licitum
876 3481 907 3528 et
929 3479 997 3528 erat
1020 3468 1052 3529 in
1074 3467 1235 3528 aeuum
1256 3485 1329 3526 sae·

282 3547 360 3609 vire.
405 3550 472 3609 Lex
496 3550 578 3611 Julia
607 3550 677 3632 plus
709 3553 791 3631 patri
817 3552 850 3612 in
879 3549 994 3627 filiam,
1025 3571 1118 3632 quam
1148 3548 1260 3610 marito
1291 3546 1328 3609 iu

281 3651 416 3695 uxorem
438 3632 588 3713 permisit.
631 3635 726 3694 Pater
748 3634 830 3696 enim
851 3633 1027 3716 quemlibet
1040 3634 1208 3695 'odeberum
1237 3631 1328 3692 occi-

281 3712 360 3776 dcre
381 3726 505 3794 poterat
524 3737 585 3777 uua
607 3735 678 3778 curo
698 3715 780 3796 iilia3
798 3717 888 3780 dum
909 3718 1056 3795 maritus,
1085 3715 1208 3782 nuuuisi
1230 3713 1327 3780 vilio-

279 3816 343 3876 res,
365 3817 497 3859 uxorem
517 3819 594 3860 vero
617 3800 753 3862 minime.

352 3897 465 3984 §eluto
497 3899 695 3962 matrimonio
726 3900 860 3968 adabert
892 3921 1004 3977 causa,
1043 3899 1157 3964 marito
1187 3897 1327 3960 retentio

281 3981 363 4048 dotis
384 3980 591 4063 competebat,
615 3983 642 4045 si
663 4003 739 4046 vere
761 3985 853 4066 culpa
874 3981 1015 4051 mulieris
1032 3995 1174 4064 stuprum
1190 3980 1327 4044 accidis·

278 4079 336 4130 set.
387 4065 492 4150 Hujus
522 4087 621 4149 poenae
650 4068 830 4153 exemplum
857 4069 977 4153 insigne
1008 4063 1098 4150 apud'
1113 4063 1182 4142 vat.
1203 4067 1278 4126 Max
1300 4065 1345 4127 l.=

281 4149 364 4228 Vlll,
386 4171 414 4212 c.
438 4169 467 4211 a.

351 4251 464 4313 Prisce
501 4271 608 4328 more,
652 4273 775 4336 punam
814 4255 948 4316 edthuii
986 4252 1124 4316 vitabant
1159 4263 1324 4328 mamonae,

196 4331 249 4417 ρξ’
279 4331 377 4394 modo
416 4335 501 4409 cdiii
539 4335 755 4401 continuandae
784 4339 1010 4422 prostitutionis
1039 4337 1235 4402 voluntatem
1265 4335 1322 4396 de·

201 4485 216 4499 ,,
238 4415 254 4498 [
280 4415 467 4564 afficiat.
528 4421 619 4486 Tune
657 4421 760 4496 statim
796 4421 881 4503 libro
921 4421 1125 4503 meretricum
1166 4415 1321 4495 inscribe,
