2962 5046
626 359 633 378 .
716 313 863 384 HAEDl

301 484 414 570 ‘inquit
432 485 618 562 Pausanias,
640 495 756 548 mutata
778 487 976 570 antiquorum
995 482 1137 563 ratione,
1163 482 1263 546 nudas
1282 483 1351 568 pin·

313 589 393 652 gere
415 582 474 635 aut.
487 569 633 652 sculpere
654 569 758 632 adorti
778 569 871 632 sunt?
908 567 1010 630 Nudae
1029 579 1110 647 sunt,
1130 579 1165 630 ut
1181 571 1279 631 sciant
1295 591 1352 630 uu-

312 653 434 735 bentes,
455 655 487 714 in
509 653 660 734 probrum
683 673 808 736 semper
830 653 965 716 {leminis
986 672 1055 714 esse
1076 671 1197 736 corpus¹
1215 663 1268 714 aut
1286 651 1353 716 ani·

314 757 400 799 auum
424 737 668 820 quoquomodo
691 735 812 798 fucare.
1121 743 1123 750 '

385 819 417 882 3⁰
440 820 491 882 nd
512 819 625 882 bonam
647 839 725 904 ergo
747 823 924 898 Venerem,
958 818 992 882 id
1014 830 1061 881 est
1081 817 1270 902 legitimam,
1303 818 1354 880 in·

311 916 410 968 ventre
431 914 502 964 sunt
521 903 652 973 Gratim,
683 903 873 985 lepidissima
903 901 1025 964 fabata.
1043 923 1176 964 uxorum
1207 899 1353 964 officium

312 987 571 1049 demonstrantes.
615 987 668 1048 Sic
688 987 786 1048 subitis
808 993 884 1046 zonis
904 984 1019 1050 eflictoe
1048 998 1137 1061 sunt,
1169 985 1210 1048 ob
1240 986 1352 1066 conju·

310 1073 390 1156 galis
412 1069 555 1152 obsequii
576 1068 768 1146 facilitatem,
789 1092 858 1154 quae
880 1075 911 1130 iu
931 1067 1059 1132 scamina
1080 1070 1263 1152 requiritur.
1296 1068 1352 1130 sta

310 1153 465 1240 virgines,
496 1153 645 1234 juvenes,
677 1155 832 1232 ridentes,
866 1166 898 1214 et
920 1155 1070 1214 consertis
1091 1153 1232 1216 manibus
1260 1152 1350 1234 quasi

310 1240 414 1304 virum
436 1235 622 1317 retinentes,
651 1248 711 1298 stc.
755 1238 840 1299 Vide
864 1239 970 1298 Horat.
993 1233 1090 1310 ont,
1120 1257 1201 1312 xxa,
1226 1235 1264 1314 53
1296 1229 1352 1312 lll,

238 1383 241 1394 ,
311 1343 377 1395 aas,
398 1314 616 1399 aa;1v‚vn,
636 1321 668 1384 5.
710 1321 803 1404 Epist.
824 1315 855 1400 Ι,
876 1343 922 1399 vs,
943 1333 1002 1401 493
1027 1316 1348 1382 etSenec.deBsne-
1461 1399 1467 1424 1

304 1404 392 1486 ficiis,
415 1403 459 1466 tt.
480 1399 505 1464 l.

229 1489 432 1552 GBEBIUM.
454 1517 496 1531 -
517 1488 584 1548 Pro
603 1485 707 1550 vulsa.
1057 1529 1061 1536 -

413 1569 562 1642 Egregium
580 1585 679 1624 narras
700 1567 769 1624 mira
787 1567 888 1641 pietate
904 1576 1055 1638 parentem,

449 1643 504 1720 Qui
523 1643 582 1718 ipss
600 1643 642 1700 sui
660 1646 736 1718 gnati
756 1643 885 1700 minxerit
902 1641 931 1694 in
948 1643 1102 1710 gremium.

822 1767 825 1774 i
900 1716 1019 1772 Carnus.
1039 1714 1124 1786 lel,
1144 1735 1179 1792 sq
1199 1735 1239 1794 sq.

719 1963 866 2035 HAEDI

227 2157 404 2220 HABERE
424 2153 655 2216 MULIEREM.
679 2187 719 2202 -
739 2154 882 2217 Verbum
903 2165 1033 2236 nuptum
1055 2152 1297 2218 usitatissimum.

376 2241 535 2312 „Tanquam
561 2240 649 2304 major
676 2236 737 2294 lieri
750 2283 751 2287 ,
764 2237 864 2312 possit,
891 2256 950 2312 quse
969 2237 1083 2294 abstulit
1100 2237 1183 2310 snlhi,
1203 2257 1254 2314 pes·
1272 2237 1348 2314 quenl

321 2313 403 2370 etiam
421 2321 451 2369 ts
469 2311 576 2367 babere
594 2311 701 2385 potui.“

332 2410 335 2423 ν
1068 2387 1188 2445 hanun.
1204 2387 1275 2444 aas.

376 2463 494 2518 Ferreus
514 2460 564 2516 ille
581 2460 642 2528 luit,
661 2460 708 2536 qui
726 2468 755 2516 ta
773 2471 856 2536 quutn
875 2471 967 2534 posset
988 2459 1102 2532 babere,

412 2535 543 2594 Maluerit
561 2535 666 2610 pratas
685 2539 781 2593 stultns
798 2547 825 2592 et
843 2555 921 2592 arms
941 2537 1027 2610 sequi.

871 2614 988 2669 Tiausa.
1006 2611 1029 2683 l,
1049 2631 1082 2684 ss,
1101 2611 1136 2685 67
1157 2630 1198 2688 sq.

383 2684 477 2749 Adde
496 2685 578 2746 'illud
599 2685 740 2747 Terentii
762 2685 792 2746 ln
815 2687 943 2749 Andria:

308 2805 310 2812 ·
376 2767 459 2844 „Quis
479 2768 538 2823 heri
556 2769 659 2823 lsabus't
679 2769 849 2838 Chrysidem
858 2769 890 2824 ?“

225 2843 402 2908 HABERE
425 2843 565 2909 VIROS.
587 2878 629 2890 -
649 2843 824 2905 Dicebatur
843 2846 875 2906 in
896 2843 1062 2908 maniiestn
1083 2842 1311 2927 deprehensos.

320 2927 322 2936 ‘
381 2928 478 2998 „Nune
503 2930 548 3000 pol
578 2945 629 3000 ego
644 2928 751 2982 demum
771 2927 799 2981 in
817 2941 920 2985 recum
942 2929 1010 2986 re'dii
1030 2929 1161 2985 semitam.
1199 2925 1253 2984 llis
1270 2927 1344 3002 ipsus

319 3001 447 3057 Casinam
466 3001 586 3074 deperit:
608 3002 696 3056 babeo
715 3004 823 3056 ciros.“

548 3081 551 3090 ¹
770 3081 773 3086 '
803 3077 925 3137 ·l’s.sua'.
948 3079 1154 3147 cralton,
1175 3077 1272 3152 listi.

225 3150 403 3212 HABERE
423 3148 511 3210 PRO
534 3150 643 3212 ClBO.
667 3181 708 3194 -
729 3153 762 3210 ln
782 3169 871 3214 usum
894 3153 1085 3216 diuturnum.
1264 3184 1269 3196 ·

357 3233 460 3301 ·„Nam
479 3232 525 3306 qui
545 3246 626 3299 amat,
645 3235 718 3307 quod
737 3245 825 3301 snas,
846 3235 868 3288 si
887 3235 915 3290 ici
935 3238 1032 3306 babet,
1050 3237 1084 3292 s'rl
1102 3236 1187 3292 babet
1202 3251 1261 3308 pre
1275 3235 1346 3307 cns,

319 3307 437 3377 Videre,
456 3309 591 3381 amplecti,
612 3308 742 3376 osculari,
762 3310 825 3366 sdic
845 3309 901 3370 ui.“

215 3425 218 3430 -
821 3328 932 3440 ‘lasum
953 3383 1050 3440 Mers.
1069 3381 1114 3460 lV,
1134 3400 1175 3456 ss,
1196 3395 1212 3450 t
1231 3403 1272 3460 sq.

225 3457 401 3548 HABERE
423 3455 510 3520 PRO
533 3457 724 3520 MATULA..
738 3492 778 3505 -
801 3459 1044 3528 Contumeliose.

319 3613 329 3668 Ι
382 3537 604 3670 ”ffll‘hmb'
624 3557 674 3612 ego
693 3559 741 3598 vos
757 3558 815 3614 pre
833 3545 943 3600 matula
962 3543 1075 3612 bahebc,
1095 3541 1148 3600 nisi
1162 3533 1242 3599 ¹anilii
1259 3553 1345 3600 matu·

331 3631 374 3668 am
412 3631 427 3667 a
452 3634 471 3668 s.

224 3761 454 3824 HABITABE.
477 3795 519 3809 -
539 3763 698 3826 Venerem
721 3784 828 3846 agere.

374 3845 424 3916 „Et
443 3863 532 3918 rogo,
551 3845 678 3921 inquam,
699 3860 802 3912 mater,
821 3849 951 3921 numquid
971 3849 1037 3918 scis,
1057 3850 1105 3906 ubi
1124 3867 1175 3924 ege
1193 3849 1343 3906 habitem?

319 3929 347 3975 et
364 3921 459 3994 quidni
479 3920 582 3976 sciam?
602 3923 705 3996 inquit3
725 3926 952 3998 consurrexitque
969 3937 997 3980 et
1014 3926 1095 3998 caepit
1114 3945 1156 3980 me
1174 3929 1344 4000 precedam

319 4030 381 4048 .....
391 4005 420 4049 at
447 3997 577 4063 subinde,
608 4009 637 4051 ut
662 4000 691 4052 in
720 3999 810 4054 locum
829 4002 1003 4056 secretiorem
1033 4001 1174 4068 venimus,
1201 4013 1344 4058 eeutcnena

317 4085 386 4124 anus
406 4070 514 4126 urbana
534 4073 637 4140 reiecit,
657 4083 697 4127 et:
717 4073 770 4141 hic,
791 4074 888 4148 inquit,
907 4075 989 4130 debes
1007 4070 1154 4132 babilas-e.
1181 4073 1272 4148 (issum
1290 4095 1343 4150 ego

316 4161 445 4216 negarem
473 4164 515 4200 sne
534 4164 699 4218 cognoscere
717 4149 908 4218 donnum-0...
920 4151 1012 4221 tarde,
1037 4149 1093 4206 ime
1111 4153 1167 4221 jesu
1185 4169 1248 4208 seso
1265 4151 1343 4209 iutel-

315 4219 371 4272 lsai
389 4236 433 4274 ms
451 4219 481 4274 in
499 4219 634 4278 fornicem
652 4239 711 4277 esse
729 4223 900 4282 deductum.“
998 4233 999 4242 ¹

857 3691 957 3748 Pusur.
977 3689 1106 3746 Mestell
1127 3689 1161 3762 ll,
1181 3706 1204 3761 t,
1223 3693 1271 3766 39.

1063 4291 1184 4360 Parnes.
1204 4297 1267 4356 Sat.

117 4403 119 4411 ι
221 4363 457 4430 HAEDILLUS.
480 4403 522 4417 -
542 4371 626 4432 luter
645 4369 882 4440 blandimenta·

370 4489 387 4522 „
388 4487 450 4518 ·····
462 4453 616 4510 Hoeds'llssm
633 4473 678 4512 ssse
695 4465 773 4514 tuusu
789 4455 837 4514 elie
853 4472 927 4525 esse,
945 4457 990 4514 sel
1009 4455 1159 4514 sitellam-‘⁸

345 4534 349 4541 '
855 4531 958 4592 hana.
977 4532 1063 4624 Asin.
1083 4533 1131 4606 111,
1150 4549 1201 4604 ssa,
1222 4549 1267 4606 n.
