2962 5040
154 403 268 468 '52

351 437 361 474 ,
709 397 854 460 Banu

317 564 520 640 siappsruiese
537 564 629 620 subito
654 563 774 637 ignotam
798 561 984 636 compererint
1009 559 1197 626 meretricem,
1224 568 1272 614 aut
1297 575 1348 631 op-

318 641 577 716 pidsnrelquoutlam
597 641 779 712 prostibulum
798 640 903 710 plebis,
927 641 971 694 rel
991 637 1125 694 meritorii
1150 635 1276 705 corporis
1300 651 1347 688 re·

316 730 402 773 terem
423 718 529 788 lupam,
560 715 683 770 certatim
709 725 894 784 concurrunt,
925 716 1120 786 palpantesque
1146 711 1276 764 advenam
1302 709 1349 763 de·

317 793 454 848 formitate
475 807 574 863 magna
599 789 792 846 blanditiarum
816 789 855 845 its
874 792 1021 858 extollunt,
1050 785 1264 851 ut.Semiremin
1283 784 1349 839 Par·

310 868 369 940 tbi,
389 866 458 924 eto.“
742 878 744 880 ·

815 937 937 993 lunser·
959 937 1135 1004 Msnoeuusn,
1148 930 1271 990 xxvttt.

381 1031 497 1105 „Omnes
517 1029 653 1096 dorisco,
674 1031 707 1084 ds
728 1011 844 1094 tIiestro,
865 1030 898 1084 de
919 1028 1016 1096 stadio,
1036 1028 1070 1083 de
1088 1027 1214 1082 omnibus
1235 1025 1301 1082 Iocis
1321 1037 1349 1082 et

299 1123 303 1130 ”
315 1108 430 1174 doluere,
450 1106 605 1162 meretrices
624 1105 733 1179 collegit
751 1106 780 1163 iu
800 1106 869 1160 ardes
888 1104 1020 1178 publicas,
1040 1115 1066 1158 et
1083 1101 1158 1176 apud
1175 1119 1221 1156 eas
1235 1101 1348 1158 concio-

316 1201 379 1238 nem
401 1183 505 1252 habuit,
525 1180 596 1236 ete.“

321 1288 325 1318 ,
874 1253 1013 1316 Lsssrssn.
1035 1250 1068 1304 im
1086 1249 1272 1321 Heliogabal-

467 1344 558 1419 Quttm
577 1357 604 1400 te
625 1347 737 1402 lucerna
755 1346 907 1400 balneator
926 1346 1057 1400 exstincta

468 1423 597 1478 Admittat
615 1421 688 1476 inter
707 1419 843 1477 hasteriae
859 1422 986 1475 moechae.

904 1498 993 1549 Illerr-
1007 1493 1054 1562 III,
1074 1509 1157 1567 xerse,
1181 1503 1213 1559 sl.
1232 1510 1272 1570 sq.

342 1585 346 1596 '
376 1556 454 1652 Inde
475 1591 588 1652 bulneoe
608 1586 701 1649 furtis
722 1588 865 1650 venereis
888 1587 1060 1669 aptissimae.

430 1672 522 1747 Quum
541 1673 652 1727 custode
672 1669 738 1726 foris
759 1671 879 1726 tunicam
898 1682 1023 1726 servante
1042 1671 1148 1744 puellae,

447 1743 448 1746 ¹
467 1749 563 1816 Celent
582 1745 698 1802 furtivos
717 1745 823 1800 balneo
842 1757 900 1800 tuta
919 1749 1005 1814 jocos.

842 1819 922 1876 Otto.
944 1826 1014 1875 Art·
1034 1825 1134 1875 Amat.
1155 1815 1210 1892 639
1228 1834 1274 1891 sq.

429 1887 528 1968 Omnia
548 1911 678 1966 foemineis
698 1929 783 1985 quare
800 1912 897 1969 dilecta
916 1911 1036 1968 catervis
1084 1923 1089 1935 '

465 1988 584 2043 Balnea
602 1988 704 2043 devitet
721 1986 865 2043 illatura?
887 2005 921 2042 ne
940 1987 1038 2042 futuat.
1133 2011 1135 2018 >

898 2062 990 2121 Mser.
1003 2060 1052 2130 III,
1071 2076 1173 2128 xuvm,
1196 2078 1284 2134 req.-

377 2154 490 2218 Modns
511 2154 638 2217 lavandi
660 2157 691 2216 in
714 2156 836 2216 balneis:
857 2175 875 2216 e
895 2153 1065 2236 vaporibus
1086 2152 1177 2252 siccis
1197 2165 1251 2216 aut
1267 2173 1350 2238 aqua
1416 2171 1420 2178 ’

227 2253 231 2339 ¹.
304 2237 418 2321 calida,
441 2239 482 2304 ed
503 2235 654 2320 frigidam
675 2237 761 2299 ibant
782 2239 926 2298 Romani.

504 2321 584 2377 Ritus
604 2321 626 2374 si
646 2323 770 2392 placeant
789 2322 838 2376 tibi
859 2323 1012 2391 Laeonum,
1083 2329 1086 2338 '

504 2396 656 2450 Contentus
675 2407 751 2466 potes
771 2397 850 2451 arido
870 2414 982 2468 sapore,

504 2470 599 2529 Cruda
619 2471 740 2544 Virgine,
760 2472 903 2527 Meruisse
923 2469 1018 2544 mergi.
1064 2533 1066 2536 ¹
1141 2529 1144 2536 ,

821 2599 824 2608 „
894 2545 1043 2614 Maseli,
1063 2563 1135 2616 rurs,
1158 2546 1191 2602 rt
1211 2563 1271 2620 sqq.

376 2635 451 2702 Vid.
473 2638 591 2700 Petron.
614 2635 708 2700 infra.
751 2639 793 2699 Et
813 2639 907 2701 Senes.
929 2641 1022 2722 Epist.
1046 2641 1097 2714 84.

375 2721 452 2784 Post
472 2722 635 2798 lotionem,
657 2742 691 2784 se
713 2721 785 2788 oIeo
807 2722 1057 2805 perfundebant,
1080 2721 1269 2806 quandoque
1290 2742 1348 2782 un-

304 2805 444 2888 guentis3
464 2826 528 2886 quo
549 2803 647 2886 facto,
669 2824 785 2890 eorpus
805 2807 908 2868 liuteis
930 2818 983 2868 aut
1004 2807 1107 2888 palliis
1128 2807 1199 2868 lana
1218 2804 1348 2868 confec-

303 2889 343 2950 ὼ
362 2887 557 2970 tergebatur.
1077 2934 1082 2940 -

370 2971 423 3041 „Ac
443 2971 522 3026 simul
544 2988 559 3024 e
578 2970 786 3044 promptuario,
805 2974 896 3028 oleum
915 2971 1025 3038 unctui,
1046 2983 1072 3028 et
1091 2971 1173 3027 lintea
1192 2971 1293 3042 temni,
1319 2983 1348 3028 st

313 3055 412 3099 caetera
429 3045 494 3100 huic
514 3043 599 3100 eidem
619 3046 694 3116 usui,
721 3046 817 3117 profer
837 3057 948 3120 ouyter,
974 3059 1001 3102 et
1020 3047 1156 3120 hospitem
1174 3065 1264 3103 meum
1282 3065 1349 3122 pro·

314 3118 368 3174 duo
386 3119 422 3174 sd
439 3119 577 3191 proximas
597 3119 741 3174 balnear.“

897 3159 899 3164 Ι
999 3157 1002 3164 ¹
1051 3191 1133 3250 leste
1155 3195 1231 3256 Met.
1248 3197 1270 3256 I.

379 3286 489 3359 „Itaque
508 3285 667 3340 intravimus
687 3283 835 3357 balneum,
863 3298 890 3343 et
910 3289 1010 3343 sudore
1035 3288 1178 3358 calefacti,
1210 3298 1349 3346 momento

314 3361 446 3432 temporis
473 3362 507 3415 sd
535 3361 661 3434 frigidam
689 3361 801 3416 eximus.
840 3361 901 3418 Iam
928 3364 1094 3419 Trimalchio
1121 3375 1260 3436 unguento
1286 3382 1351 3437 per·

315 3432 594 3564 {pppippergebetum
630 3453 688 3492 non
714 3436 820 3510 linteis,
849 3437 896 3492 sed
923 3438 1012 3513 palliis
1040 3457 1073 3494 ex
1100 3439 1257 3494 mollissima
1282 3441 1350 3495 lana

982 3589 985 3594 “
1066 3585 1187 3644 Pernen.
1206 3587 1270 3644 tat.

377 3676 491 3738 Balneis
511 3687 544 3738 et
567 3678 659 3741 ctiam
682 3698 768 3741 eoena
790 3689 823 3740 et
843 3680 1126 3742 commessationes.

371 3773 529 3848 „Nepesinis
548 3780 698 3850 sumptibus
715 3776 837 3834 bmnium
857 3780 1036 3854 prodigorum
1056 3780 1164 3855 ingenia
1184 3779 1346 3854 superarit;

204 3896 207 3904 .
316 3864 602 3912 commemoratorum
621 3855 793 3910 balnearum
813 3872 908 3942 usum,
938 3857 1170 3943 portentosissima
1189 3873 1291 3929 genera
1310 3856 1348 3912 ui·

313 3925 419 4058 ἕω
439 3938 522 4002 atque
547 3947 698 3985 cunarum:
730 3941 761 3984 ut
788 3932 884 3986 calidis
910 3929 1073 4006 frsgsdssque
1099 3931 1244 4004 unguentis
1272 3931 1348 3985 Iara-

956 4080 1036 4136 Suer·
1057 4080 1089 4134 iu
1111 4079 1203 4150 Cettg.
1224 4077 1271 4147 37.

379 4167 443 4260 Qui
473 4188 591 4231 eoenam
621 4167 752 4248 dabant,
783 4171 913 4232 labeum
935 4191 1061 4254 quoque
1082 4169 1290 4253 praebebant,
1315 4181 1349 4232 et

304 4249 335 4311 si
360 4271 422 4311 non
443 4252 507 4313 illis
535 4254 690 4334 privatum
713 4252 798 4314 domi
818 4266 902 4333 erat,
935 4256 976 4316 ad
1006 4254 1170 4337 pubIIoum
1200 4254 1348 4318 convivat

304 4333 477 4412 mittebant,
500 4336 561 4415 iam
584 4349 653 4398 ante
676 4337 716 4398 de
737 4337 887 4406 mercede
909 4353 1050 4400 securos.

371 4419 461 4486 „Tene
486 4420 660 4492 asymbolum
686 4418 795 4476 venire!
821 4431 932 4476 unctum
958 4431 1039 4495 atque
1059 4423 1165 4478 lantum
1190 4420 1346 4494 obclusis,

315 4487 440 4550 otiosum
457 4495 493 4552 sb
512 4495 614 4568 auimo,
633 4513 720 4570 quum
737 4495 785 4550 ille
802 4505 830 4552 et
847 4513 915 4551 curs
935 4506 962 4551 et
980 4507 1070 4555 sunto
1088 4493 1271 4556 obnuntiare

356 4595 359 4611 ι
443 4589 446 4594 ·
686 4572 805 4648 Terent.
828 4570 861 4660 itt
878 4569 1051 4635 Phormion.
1061 4572 1098 4648 11,
1116 4591 1154 4648 st,
1175 4573 1209 4628 ai
1228 4589 1271 4646 sq.
