2962 5040
783 385 931 450 ANNU

292 555 298 568 '
331 569 418 621 tores
447 565 479 620 et
508 551 649 637 equites,
682 551 763 616 nulli
794 553 857 618 alio
877 565 981 618 tamen
1001 548 1191 640 permissos;
1219 551 1306 617 uude
1323 551 1369 631 ius

331 642 439 712 nnat,
459 635 586 720 legibus
606 637 754 700 romanis.

404 727 527 787 Postea
538 731 652 800 umen,
674 742 762 782 aureo
785 719 892 786 donati
908 731 978 784 sunt
993 719 1118 800 liberti;
1139 719 1196 784 sed
1211 739 1370 806 uunquam

332 805 425 871 servi.
467 801 600 870 Ancillis
620 826 724 864 aureos
744 803 910 888 possidere
932 801 1064 881 licebat,
1094 805 1152 868 sed
1179 803 1212 866 in
1241 803 1371 887 peculio

331 901 461 970 tantum,
480 885 621 972 gestandi
645 886 751 970 digitis
769 901 913 952 manente
930 886 1110 952 interdicto.
1145 888 1232 968 lude,
1252 909 1374 949 weron

330 973 497 1058 pronuitcre
519 990 578 1056 pro
599 978 843 1034 manumissionem
865 973 1000 1055 polliceri.

403 1055 448 1128 „Si
467 1053 577 1118 effaris,
603 1055 690 1109 solsss
709 1054 759 1110 tibi
778 1056 867 1125 dubo,
893 1067 921 1112 st
938 1055 1078 1112 annulum
1096 1054 1127 1112 in
1145 1054 1230 1131 digito
1248 1071 1371 1112 amum

327 1143 370 1198 ,st
387 1133 460 1190 bons
478 1128 623 1204 plurims.“
881 1167 897 1202 0

833 1204 946 1270 ,Pusun
967 1205 1073 1261 Oasin.
1085 1204 1131 1262 lll.
1150 1223 1177 1276 r,
1197 1205 1232 1260 63
1253 1223 1293 1280 sq.

347 1347 350 1358 .
415 1295 536 1375 Primo,
556 1315 637 1358 uuus
657 1305 775 1359 tantum
796 1298 916 1358 smnulus
936 1295 977 1360 ad
995 1295 1127 1360 sinistrae
1153 1317 1260 1360 manus
1286 1294 1371 1378 digi-

333 1395 400 1446 tum
412 1379 552 1444 'minimo
573 1375 761 1475 proximum.
784 1379 868 1462 (Gall
879 1383 925 1464 X,
958 1381 1022 1463 ιο.)
1044 1385 1123 1446 Tres
1143 1379 1295 1444 Horatius
1315 1401 1375 1444 se·

333 1468 407 1532 culo
429 1486 487 1527 suo
508 1475 607 1547 pontt.

436 1549 507 1604 Casu
526 1547 613 1602 tribus
633 1546 763 1616 annuitis,
785 1545 868 1604 mods
887 1546 952 1604 less
971 1545 1080 1604 l'risous
1098 1545 1185 1618 iusni,

435 1623 509 1681 Vixit
526 1621 674 1696 inequslis,
692 1632 744 1677 etc·
926 1619 930 1624 ’

920 1697 994 1751 Hos.
1015 1697 1079 1756 Sat.
1089 1697 1124 1767 ll,
1144 1715 1199 1767 vir,
1218 1713 1236 1770 p
1255 1713 1296 1770 sq.

408 1792 484 1870 Sed,
507 1801 670 1854 crescente
689 1786 784 1870 hujus
806 1785 932 1870 generis
953 1787 1097 1866 luxuria,
1118 1790 1246 1872 dempto
1265 1787 1376 1853 medio

334 1875 447 1960 digito,
469 1872 610 1956 reliquos
632 1891 740 1934 omnes
762 1872 898 1934 ostendit
918 1893 974 1934 sua
995 1885 1085 1934 aetate
1103 1872 1224 1936 Plinius
1246 1873 1377 1936 onerari

334 1961 457 2028 solere:
480 1978 518 2022 ac
539 1954 684 2040 privatim
708 1954 801 2016 etiam
824 1957 974 2018 articulos
991 1955 1164 2020 minoribus
1182 1955 1260 2037 aliis,
1278 1955 1377 2018 itaut

333 2044 389 2108 uui
418 2041 547 2105 minimo
577 2052 642 2100 tres
671 2059 753 2120 saepe
786 2052 1046 2126 congererentur.
1090 2041 1183 2102 Certe
1204 2039 1378 2118 Lucienus,

336 2129 465 2209 dialogo
493 2122 548 2208 qui
569 2124 668 2184 Gallus
688 2119 891 2198 inscribitur,
922 2120 1025 2185 divitis
1054 2123 1216 2204 cujusdam
1246 2145 1376 2188 manum

334 2213 445 2276 annuls's
465 2205 625 2270 sexdecim
646 2217 787 2266 onustam
809 2203 961 2288 depingit.

401 2287 455 2350 Per
472 2295 549 2364 cujus
568 2289 671 2364 digitos
690 2289 779 2345 currit
797 2289 862 2346 levis
881 2289 1006 2344 annulos
1024 2307 1126 2349 omnes.
1196 2322 1197 2330 κ

501 2383 503 2388 ·
1036 2365 1171 2436 Minui,
1191 2385 1248 2434 uxr,
1268 2365 1298 2421 5.

407 2464 442 2524 ln
482 2456 569 2520 luctu
606 2456 726 2516 annulos
761 2455 959 2538 deponebant
986 2457 1121 2520 Romani
1151 2471 1183 2522 et
1213 2458 1376 2522 Romane.

337 2546 419 2632 (Dio.
441 2547 463 2606 l.
486 2565 543 2616 ης
567 2540 727 2622 Xiphiltnus
746 2545 775 2600 in
795 2543 872 2621 Epis.
894 2535 1059 2621 Commod.)

402 2627 490 2704 „Quid
517 2625 591 2679 aliud
619 2624 648 2677 in
673 2624 748 2677 luctu
776 2641 858 2695 quam
884 2642 1035 2696 purpuram
1060 2635 1142 2700 atque
1167 2642 1273 2682 aarum
1291 2626 1377 2700 ‹lepo-

345 2703 436 2764 nunt?
457 2701 522 2778 quid
541 2718 625 2774 quum
644 2699 798 2768 eluxerunt,
818 2695 949 2754 sumunt?

1044 2775 1183 2832 Tru-Lus.
1199 2777 1297 2834 XXll'.

333 2871 335 2878 '
411 2871 557 2954 Sponsae,
595 2866 648 2930 die
684 2865 883 2948 nuptiarum,
918 2867 1038 2928 onnulm
1074 2889 1092 2932 s
1127 2889 1241 2950 sponso
1271 2868 1378 2934 mitte.

335 2956 575 3093 butu(lbnvssntum
594 3043 683 3086 tamen
702 3043 729 3086 et
748 3040 866 3103 pactum,
887 3041 913 3085 et
932 3031 1068 3102 sponsslis
1086 3044 1183 3090 nostre

403 3113 573 3182 Tempestate
593 3125 683 3179 paras,
704 3111 810 3179 jamque
829 3125 844 3161 s
864 3117 975 3162 tonsore
996 3107 1126 3179 magistro

402 3185 530 3256 Pectoris,
550 3194 577 3238 et
595 3183 691 3252 digito
708 3183 818 3252 pignus
836 3181 950 3236 fortusse
969 3182 1083 3235 dedisti.

1054 3257 1179 3328 luuvl,
1203 3259 1236 3314 25
1256 3273 1297 3334 sq.

409 3356 508 3416 Erant
530 3363 633 3412 autem
655 3360 687 3410 et
708 3353 799 3408 oestioz'
818 3347 924 3418 annuli,
944 3345 977 3410 id
1002 3360 1049 3410 est
1068 3351 1207 3432 pondere
1226 3349 1377 3416 leviores.

338 3430 485 3522 Crispini,
508 3435 590 3517 apud
605 3433 799 3512 Juvenalem,
822 3435 963 3514 carpitur
984 3432 1040 3495 illa
1062 3445 1135 3498 tunc
1153 3437 1303 3520 temporis
1321 3438 1378 3500 sd-

337 3523 402 3596 huc
423 3518 561 3582 inaudita
584 3515 740 3579 mollities.

403 3603 494 3678 Quum
514 3620 578 3676 psrs
598 3599 709 3655 Nilisce
729 3597 823 3670 plebis,
844 3617 927 3671 quum
946 3613 1032 3654 verns
1046 3599 1162 3676 ,Canopi

324 3733 328 3750 ,
403 3678 556 3751 Crispinus,
577 3675 677 3746 Tyrias
697 3675 812 3729 humero
832 3686 978 3728 revocante
998 3677 1131 3747 lacernas,

403 3754 521 3809 Ventilet
540 3752 674 3806 aestivum
693 3746 783 3822 digitis
803 3749 961 3803 sudantibus
982 3768 1099 3821 aarum,

403 3823 445 3884 Ns
466 3823 579 3883 suli'srrs
598 3830 680 3896 quest
707 3824 818 3890 majoris
838 3825 962 3894 pondera
980 3843 1101 3899 gemme,

401 3901 522 3960 Difficile
541 3911 581 3958 est
598 3909 719 3974 satyram
738 3908 795 3953 non
815 3899 944 3954 scribere.

1072 3974 1168 4046 sunt,
1189 3975 1223 4030 si
1241 3993 1301 4052 sqq.

410 4070 611 4133 Dilectorum
632 4064 786 4152 imagines
808 4068 919 4128 annulis
938 4064 1107 4150 portabant
1138 4068 1272 4176 antiqui,
1304 4067 1378 4154 pala

336 4155 469 4222 insertas
490 4154 563 4213 loco
585 4149 695 4226 lapilli.

407 4234 480 4307 „Nec
498 4246 587 4290 temen
607 4226 756 4304 Epicurum
775 4231 839 4288 licst
858 4232 997 4300 oblivisci,
1022 4233 1044 4288 si
1065 4235 1189 4310 cupismr
1215 4238 1291 4304 cuius
1309 4234 1379 4291 ims-

248 4317 249 4320 ,
350 4313 458 4386 ginnas,
479 4325 536 4365 non
555 4309 642 4380 soluta
660 4307 689 4361 in
709 4307 807 4362 tubulis
827 4308 914 4364 nostrl
932 4307 1096 4381 familiares,
1116 4311 1163 4368 sed
1182 4311 1261 4367 etism
1279 4311 1309 4366 iu
1327 4327 1378 4385 po
1469 4375 1470 4378 Ἴ

348 4387 417 4443 ontis
435 4396 469 4441 str
480 4386 509 4441 in
529 4383 652 4446 annellis
670 4379 834 4441 lasbsbsnt.'“

361 4463 448 4516 Tuus..
467 4461 501 4514 de
519 4459 618 4515 Finit.
639 4459 703 4516 bon.
724 4464 753 4511 et
772 4457 841 4512 mal.
860 4475 900 4514 es·
917 4456 996 4520 ll'on.
1016 4457 1339 4517 Mantolomaum.

255 4535 452 4622 sunuuus
472 4549 710 4616 ruouuuus.
732 4582 776 4606 -«
796 4535 1013 4645 Quo‘aponsae
1035 4553 1168 4642 uniam
1188 4554 1238 4621 va·
1264 4551 1376 4638 oppig-
