2932 5052
604 343 754 450 vona
1168 384 1230 446 sss

264 547 387 622 „tuapte
405 545 489 618 eulpa
506 558 608 620 genes·
625 545 737 620 capiunt
755 540 852 620 geone
871 543 1009 620 ingenium
1024 543 1207 622 inprobaut“

782 621 882 676 Fetus.
902 620 998 676 Mers.
1019 625 1052 692 V,
1070 641 1109 692 iv,
1129 640 1156 695 9.

114 717 252 787 vlt'ra.
276 749 317 762 -
338 714 491 800 Ligamen
511 712 603 774 eimul
632 723 665 775 et
695 725 909 774 ornamentum
940 713 1145 796 capillorum
1176 736 1234 798 pu·

156 863 175 886 h
200 799 280 864 dicis
296 797 483 864 mulieribus
499 797 675 878 peculiare3
692 795 776 858 unde
792 797 1013 860 meretricibus
1021 799 1233 862 interdictum.

265 881 348 938 Thais
368 881 396 934 in
415 891 475 934 arte
493 897 552 935 mea
571 890 626 946 eet,
648 877 759 934 lascivia
779 879 865 936 libera
886 891 981 937 nostre
1000 890 1049 937 est.

303 957 349 1012 Nil
367 955 435 1012 mibi
453 972 516 1011 cum
535 957 610 1010 uitta
629 953 714 1010 Thais
731 953 760 1008 in
779 965 839 1010 arte
858 968 917 1008 mea
937 966 987 1015 est.

372 1039 376 1056 ‘
762 1027 847 1090 Oete.
868 1029 983 1084 Hemed.
1007 1030 1060 1088 385
1079 1048 1121 1104 sq·

262 1107 327 1162 Este
345 1105 453 1179 procel,
472 1104 554 1160 vistoe
572 1113 675 1170 tenues,
695 1101 800 1178 insigne
818 1105 943 1176 pudoris,

301 1181 421 1256 Qnaeque
440 1179 509 1252 tegis
529 1180 641 1250 medios,
661 1179 751 1235 instita
771 1180 862 1252 longe,
883 1179 980 1252 pedesl
1190 1233 1193 1242 ,

740 1251 827 1310 Onu.
848 1260 916 1309 Art.
941 1265 1003 1310 Am.
1024 1255 1046 1324 1,
1065 1255 1098 1309 31
1123 1273 1167 1328 aq.

272 1331 421 1392 Muttonis
451 1341 569 1392 tentum
604 1328 746 1412 primitus
767 1330 852 1392 licita
873 1337 961 1400 vitta,
992 1351 1053 1412 qua
1075 1329 1235 1392 discerne·

101 1401 111 1425 ’
199 1415 315 1478 bantur
346 1439 364 1478 a
393 1429 454 1475 non
489 1414 607 1495 nuptie3
638 1425 747 1498 postea
779 1414 861 1476 hanc
888 1425 1079 1496 usurparunt
1099 1414 1237 1496 virginee

198 1502 353 1582 ingcnuae,
376 1498 432 1561 sed
454 1495 639 1580 simplicem.
677 1500 767 1560 Tunc
786 1509 936 1559 matronae
958 1497 1118 1580 duplicem
1132 1517 1237 1580 sump-

198 1595 316 1646 serunt.

115 1687 287 1753 VlVERE.
310 1717 352 1732 -·
372 1681 545 1759 Absolute,
584 1697 652 1766 pro·
675 1681 789 1766 gaudia
820 1696 1025 1766 qaaecumque
1055 1681 1176 1746 ambire
1203 1693 1238 1744 et
1279 1653 1284 1664 ⁴

199 1787 344 1852 carpene.
388 1767 507 1829 Omnes
529 1787 607 1850 engo
628 1767 804 1847 voluptates
826 1765 1054 1848 complectitur.

265 1849 339 1909 lieu!
358 1849 426 1908 beu!
447 1869 497 1906 nos
516 1849 647 1904 miseros!
669 1865 750 1922 quens
769 1857 841 1904 totos
860 1849 1007 1928 homuncio
1027 1847 1066 1906 nli
1085 1847 1141 1906 est!

266 1927 311 1983 Sic
330 1928 432 1981 erimus
453 1921 552 1994 cancii,
573 1935 716 1998 postquam
735 1941 785 1978 nos
800 1921 906 1980 unieret
925 1921 1025 1980 Orcut.

167 1995 183 2008 ‘
299 2003 376 2076 Ergo
396 2003 527 2058 uiuamus
545 2000 610 2056 dum
628 1999 690 2056 licet
709 2014 767 2054 esse
785 1997 862 2054 bene.
1124 2048 1126 2056 ,

956 2073 1074 2130 Peneon.
1094 2075 1158 2129 eat.

273 2151 437 2221 „Properate
463 2151 578 2218 viuere,
605 2167 712 2222 puere,
738 2165 806 2222 ques
825 2148 889 2204 sinit
907 2151 1014 2204 utatula
1033 2152 1146 2220 luders,
1166 2137 1250 2219 esse,'

207 2242 317 2297 amere,
336 2228 508 2302 Venerisque
526 2237 619 2284 tenere
637 2225 740 2300 biges.“
939 2301 962 2354 v

961 2317 1025 2354 aaa.

272 2395 325 2458 Sic
346 2394 515 2474 Narbonae,
536 2395 569 2456 in
588 2391 690 2457 veteri
711 2389 835 2473 lapide:

146 2514 240 2557 ames.
265 2515 456 2559 autumnum.
479 2515 600 2558 annam.
622 2487 826 2555 nncsssu'sm.
850 2509 1027 2552 anunanon.
1050 2509 1124 2586 avo.
1146 2513 1210 2558 aaa.

227 2599 369 2643 conwos.
393 2598 574 2641 caniseiane.
597 2594 699 2638 ausos.
723 2596 800 2639 uvas.
823 2595 960 2638 smmis.
983 2595 1131 2638 mvansvs.

273 2680 357 2742 Hinc
384 2679 479 2740 Vitulu
499 2677 560 2740 dee
582 2675 758 2752 hilaritatis,
780 2687 812 2738 et
833 2676 947 2736 vitulari
963 2695 1022 2757 pro
1044 2675 1184 2758 gaudere
1206 2687 1239 2738 ct

200 2760 413 2844 voluptatibus
435 2761 510 2823 frui.
561 2761 655 2823 Visula
676 2781 694 2820 a
716 2766 781 2819 vitu.
824 2757 909 2824 Vide
931 2760 1067 2820 Festum.

119 2863 329 2931 VOCALES.
355 2893 395 2906 -
418 2861 515 2922 Pueri
536 2874 569 2924 et
589 2859 704 2945 puellae
726 2854 766 2923 ad
786 2859 899 2921 molles
921 2870 1027 2920 cantus
1048 2859 1201 2922 instructi.

272 2945 380 3016 „Nanos
404 2956 432 3000 et
456 2960 558 3016 umas,
588 2943 745 3013 moriones,
773 2943 883 3000 uocales
909 2954 935 2998 et
953 2943 1072 2998 exoletos
1133 2943 1241 3017 populo

207 3018 344 3077 donavit.“

722 3129 724 3136 .
776 3093 914 3148 Laenate·
937 3095 967 3146 in
986 3092 1073 3146 Alex.
1095 3093 1159 3147 Seu.

115 3185 358 3266 VOLUMNUS,
381 3185 601 3253 VOLUMNA.
624 3219 665 3234 -
686 3189 774 3248 Deus
794 3198 825 3248 ct
849 3187 907 3248 dea
931 3209 947 3246 a
970 3185 1158 3268 conjugibus
1181 3180 1237 3247 ad·

201 3273 304 3332 vocati
325 3281 359 3331 ut
379 3291 504 3354 semper
525 3272 594 3332 benc
613 3271 714 3331 vellent
741 3281 772 3332 et
802 3268 954 3332 viverent.
998 3270 1083 3332 Vide
1107 3269 1236 3352 Gyrald.

202 3353 324 3430 Statum
346 3353 474 3425 deorum,
494 3350 518 3431 l,
539 3365 571 3414 et
592 3353 695 3415 Struv.
719 3355 815 3433 Antiq.
837 3374 906 3414 rom.
930 3353 954 3414 Ι.

117 3450 317 3521 VOLUPIA.
339 3487 380 3502 -
401 3457 472 3516 Dea
491 3453 668 3535 voluptatis.
712 3454 821 3514 Rosn'ae
841 3453 949 3514 fanum
973 3453 1109 3517 babebat
1128 3455 1159 3516 in
1187 3455 1237 3520 via

198 3557 297 3600 sacre.
340 3534 563 3620 Effingebetur
585 3555 656 3596 cum
680 3547 826 3618 sceptro,
858 3548 1002 3620 tanquam
1032 3539 1141 3618 regina
1170 3557 1236 3600 oni·

196 3621 283 3685 nium
305 3622 496 3701 viventium3
518 3618 574 3682 aed
596 3618 684 3681 vultu
706 3619 826 3682 sulcato
849 3632 880 3680 et
899 3620 1076 3703 pallidiori3
1098 3631 1133 3680 ut
1149 3622 1236 3682 ecci-

199 3703 245 3766 dit
266 3705 361 3766 nimio
383 3704 499 3788 gaudio
523 3702 691 3766 exhaustis.
734 3701 819 3771 Vide
840 3703 899 3766 Cic.
922 3705 957 3766 dc
973 3706 1089 3765 Natura
1109 3703 1237 3774 deorum

197 3785 242 3865 ll;
263 3787 384 3870 Rosini,
405 3792 487 3850 Rom.
509 3793 596 3870 antiq.
606 3781 644 3848 ll.

113 3885 351 3957 VOLUPTAS.
373 3922 414 3935 -
436 3889 610 3970 Absolute,
643 3901 690 3954 est
709 3907 762 3950 res
790 3887 857 3970 ipsa
887 3885 1030 3950 vener‘ea.
1074 3887 1128 3950 Sic
1150 3887 1235 3952 Galli

199 3971 306 4033 dicunt
327 3973 353 4032 Ie
371 3975 481 4055 plaisir.

112 4071 405 4141 VOLUPTATES.
429 4071 576 4134 —Ludi
600 4071 787 4155 spectacula.

270 4152 321 4225 „Et
340 4155 406 4228 quid
425 4155 554 4211 hebemus
574 4156 603 4210 in
622 4153 760 4228 prandio?
780 4172 837 4228 quae
852 4156 1011 4226 voluptates
1029 4167 1130 4228 parete
1148 4153 1233 4214 sont?

206 4230 296 4306 qualia
315 4247 376 4285 cras
395 4230 449 4284 etit
467 4249 565 4300 scena,
585 4232 677 4305 quales
695 4231 830 4288 circenses
838 4228 867 4283 ?“

763 4301 905 4360 Teanam..
927 4305 1008 4360 Pom..
1029 4305 1061 4359 in
1081 4305 1156 4365 Gali.
1198 4335 1204 4352 ·

112 4391 301 4463 VORARE.
325 4431 366 4442 -
387 4395 422 4456 ln
443 4395 600 4458 obscenis.

270 4477 381 4550 „Ubiis
399 4479 490 4537 bomo’
504 4477 555 4544 at?
573 4478 636 4535 dam
654 4479 849 4536 deuorandum
869 4497 971 4548 censes,
990 4479 1013 4533 ai
1032 4480 1232 4554 conspexeris.“

782 4555 884 4608 Pulsis.
900 4556 978 4607 Asin.
999 4553 1088 4628 ll,11,
1111 4573 1154 4626 71.
