<?xml version="1.0" encoding="UTF-8"?>
<!DOCTYPE html PUBLIC "-//W3C//DTD XHTML 1.0 Transitional//EN"
    "http://www.w3.org/TR/xhtml1/DTD/xhtml1-transitional.dtd">
<html xmlns="http://www.w3.org/1999/xhtml" xml:lang="en" lang="en">
 <head>
  <title>
</title>
<meta http-equiv="Content-Type" content="text/html;charset=utf-8" />
  <meta name='ocr-system' content='tesseract 3.04.00' />
  <meta name='ocr-capabilities' content='ocr_page ocr_carea ocr_par ocr_line ocrx_word'/>
</head>
<body>
  <div class='ocr_page' id='page_1' title='image "./thesauruserotic00rambgoog_0069.png"; bbox 0 0 2962 5040; ppageno 0'>
   <div class='ocr_carea' id='block_1_1' title="bbox 699 353 868 421">
    <p class='ocr_par' dir='ltr' id='par_1_1' title="bbox 699 353 868 421">
     <span class='ocr_line' id='line_1_1' title="bbox 699 353 868 421; baseline 0.006 -1"><span class='ocrx_word' id='word_1_1' title='bbox 699 353 868 421; x_wconf 71' lang='lat' dir='ltr'>&#39;BUCG</span> 
     </span>
    </p>
   </div>
   <div class='ocr_carea' id='block_1_2' title="bbox 389 489 1382 608">
    <p class='ocr_par' dir='ltr' id='par_1_2' title="bbox 389 489 1382 608">
     <span class='ocr_line' id='line_1_2' title="bbox 389 489 1382 608; baseline 0 -22"><span class='ocrx_word' id='word_1_2' title='bbox 389 521 544 586; x_wconf 89' lang='lat' dir='ltr'><strong>Omnibus</strong></span> <span class='ocrx_word' id='word_1_3' title='bbox 564 522 758 586; x_wconf 85' lang='lat' dir='ltr'><strong>notissimum</strong></span> <span class='ocrx_word' id='word_1_4' title='bbox 778 537 827 586; x_wconf 89' lang='lat' dir='ltr'><strong>est</strong></span> <span class='ocrx_word' id='word_1_5' title='bbox 847 531 988 606; x_wconf 81' lang='lat' dir='ltr'><strong>pastores</strong></span> <span class='ocrx_word' id='word_1_6' title='bbox 1009 523 1124 587; x_wconf 80' lang='lat' dir='ltr'><strong>siculos</strong></span> <span class='ocrx_word' id='word_1_7' title='bbox 1145 543 1254 608; x_wconf 84' lang='lat' dir='ltr'><strong>capras</strong></span> <span class='ocrx_word' id='word_1_8' title='bbox 1285 489 1382 587; x_wconf 64' lang='lat' dir='ltr'><strong>suaa¹</strong></span> 
     </span>
    </p>
   </div>
   <div class='ocr_carea' id='block_1_3' title="bbox 315 605 1380 1100">
    <p class='ocr_par' dir='ltr' id='par_1_3' title="bbox 315 605 1380 1100">
     <span class='ocr_line' id='line_1_3' title="bbox 315 605 1380 750; baseline 0 -79"><span class='ocrx_word' id='word_1_9' title='bbox 315 608 417 685; x_wconf 88' lang='lat' dir='ltr'><strong>inire;</strong></span> <span class='ocrx_word' id='word_1_10' title='bbox 445 608 532 691; x_wconf 86' lang='lat' dir='ltr'><strong>quod</strong></span> <span class='ocrx_word' id='word_1_11' title='bbox 552 619 653 750; x_wconf 84' lang='lat' dir='ltr'><strong>patet,</strong></span> <span class='ocrx_word' id='word_1_12' title='bbox 684 620 717 669; x_wconf 84' lang='lat' dir='ltr'><strong>et</strong></span> <span class='ocrx_word' id='word_1_13' title='bbox 738 605 780 670; x_wconf 91' lang='lat' dir='ltr'><strong>ob</strong></span> <span class='ocrx_word' id='word_1_14' title='bbox 801 608 925 688; x_wconf 84' lang='lat' dir='ltr'><strong>pudor!</strong></span> <span class='ocrx_word' id='word_1_15' title='bbox 955 608 1129 670; x_wconf 82' lang='lat' dir='ltr'><strong>illustratur</strong></span> <span class='ocrx_word' id='word_1_16' title='bbox 1150 609 1380 671; x_wconf 82' lang='lat' dir='ltr'><strong>monumentis·</strong></span> 
     </span>
     <span class='ocr_line' id='line_1_4' title="bbox 315 690 1247 774; baseline 0.005 -20"><span class='ocrx_word' id='word_1_17' title='bbox 315 691 424 754; x_wconf 79' lang='lat' dir='ltr'><strong>Musaei</strong></span> <span class='ocrx_word' id='word_1_18' title='bbox 445 693 555 753; x_wconf 81' lang='lat' dir='ltr'><strong>Hercu</strong></span> <span class='ocrx_word' id='word_1_19' title='bbox 569 692 628 753; x_wconf 87' lang='lat' dir='ltr'><strong>ani.</strong></span> <span class='ocrx_word' id='word_1_20' title='bbox 671 690 748 751; x_wconf 88' lang='lat' dir='ltr'><strong>Inde</strong></span> <span class='ocrx_word' id='word_1_21' title='bbox 771 711 872 774; x_wconf 73' lang='lat' dir='ltr'><strong>capra</strong></span> <span class='ocrx_word' id='word_1_22' title='bbox 893 703 953 772; x_wconf 84' lang='lat' dir='ltr'><strong>pro</strong></span> <span class='ocrx_word' id='word_1_23' title='bbox 974 690 1205 770; x_wconf 78' lang='lat' dir='ltr'><strong>meretricibus.</strong></span> <span class='ocrx_word' id='word_1_24' title='bbox 1246 699 1247 702; x_wconf 70' lang='grc'>’</span> 
     </span>
     <span class='ocr_line' id='line_1_5' title="bbox 389 773 952 844; baseline -0.004 -8"><span class='ocrx_word' id='word_1_25' title='bbox 389 783 420 836; x_wconf 74' lang='lat'><strong>2⁰</strong></span> <span class='ocrx_word' id='word_1_26' title='bbox 439 775 610 844; x_wconf 82' lang='lat' dir='ltr'><strong>Mulierum</strong></span> <span class='ocrx_word' id='word_1_27' title='bbox 631 795 703 834; x_wconf 91' lang='lat' dir='ltr'><strong>cum</strong></span> <span class='ocrx_word' id='word_1_28' title='bbox 723 773 824 836; x_wconf 88' lang='lat' dir='ltr'><strong>brutis</strong></span> <span class='ocrx_word' id='word_1_29' title='bbox 847 775 952 835; x_wconf 75' lang='lat' dir='ltr'><strong>coitio·</strong></span> 
     </span>
     <span class='ocr_line' id='line_1_6' title="bbox 388 845 1358 941; baseline -0.001 -22"><span class='ocrx_word' id='word_1_30' title='bbox 388 858 439 930; x_wconf 67' lang='lat' dir='ltr'><strong>Ab</strong></span> <span class='ocrx_word' id='word_1_31' title='bbox 479 858 696 941; x_wconf 83' lang='lat' dir='ltr'><strong>antiquissimis</strong></span> <span class='ocrx_word' id='word_1_32' title='bbox 729 857 939 940; x_wconf 81' lang='lat' dir='ltr'><strong>temporibus,</strong></span> <span class='ocrx_word' id='word_1_33' title='bbox 974 855 1068 921; x_wconf 82' lang='lat' dir='ltr'><strong>fuere</strong></span> <span class='ocrx_word' id='word_1_34' title='bbox 1089 845 1241 919; x_wconf 36' lang='lat' dir='ltr'><strong>*sfoeminae</strong></span> <span class='ocrx_word' id='word_1_35' title='bbox 1275 875 1358 938; x_wconf 76' lang='lat' dir='ltr'><strong>quas,</strong></span> 
     </span>
     <span class='ocr_line' id='line_1_7' title="bbox 315 939 1356 1024; baseline -0.007 -19"><span class='ocrx_word' id='word_1_36' title='bbox 315 940 357 1005; x_wconf 82' lang='lat' dir='ltr'><strong>etl</strong></span> <span class='ocrx_word' id='word_1_37' title='bbox 378 941 557 1024; x_wconf 77' lang='lat' dir='ltr'><strong>grandioris</strong></span> <span class='ocrx_word' id='word_1_38' title='bbox 578 941 667 1023; x_wconf 87' lang='lat' dir='ltr'><strong>penis</strong></span> <span class='ocrx_word' id='word_1_39' title='bbox 690 939 894 1014; x_wconf 87' lang='lat' dir='ltr'><strong>beneficium,</strong></span> <span class='ocrx_word' id='word_1_40' title='bbox 918 961 952 1003; x_wconf 88' lang='lat' dir='ltr'><strong>se</strong></span> <span class='ocrx_word' id='word_1_41' title='bbox 973 939 1118 1021; x_wconf 86' lang='lat' dir='ltr'><strong>jumentis</strong></span> <span class='ocrx_word' id='word_1_42' title='bbox 1140 940 1356 1024; x_wconf 87' lang='lat' dir='ltr'><strong>subjecerunt.</strong></span> 
     </span>
     <span class='ocr_line' id='line_1_8' title="bbox 365 1020 1359 1100; baseline 0 -23"><span class='ocrx_word' id='word_1_43' title='bbox 365 1044 369 1054; x_wconf 59' lang='lat'><strong><em>‘</em></strong></span> <span class='ocrx_word' id='word_1_44' title='bbox 388 1024 524 1096; x_wconf 85' lang='lat' dir='ltr'><strong>„Mulier,</strong></span> <span class='ocrx_word' id='word_1_45' title='bbox 550 1043 608 1100; x_wconf 81' lang='lat' dir='ltr'><strong>quc</strong></span> <span class='ocrx_word' id='word_1_46' title='bbox 627 1024 801 1093; x_wconf 77' lang='lat' dir='ltr'><strong>succubuerit</strong></span> <span class='ocrx_word' id='word_1_47' title='bbox 820 1023 930 1082; x_wconf 77' lang='lat' dir='ltr'><strong>cuilibet</strong></span> <span class='ocrx_word' id='word_1_48' title='bbox 946 1027 1085 1094; x_wconf 86' lang='lat' dir='ltr'><strong>jumento,</strong></span> <span class='ocrx_word' id='word_1_49' title='bbox 1113 1024 1193 1080; x_wconf 84' lang='lat' dir='ltr'><strong>simul</strong></span> <span class='ocrx_word' id='word_1_50' title='bbox 1212 1020 1359 1078; x_wconf 83' lang='lat' dir='ltr'><strong>interficia·</strong></span> 
     </span>
    </p>
   </div>
   <div class='ocr_carea' id='block_1_4' title="bbox 324 1100 1280 1244">
    <p class='ocr_par' dir='ltr' id='par_1_4' title="bbox 324 1100 1280 1244">
     <span class='ocr_line' id='line_1_9' title="bbox 324 1100 530 1158; baseline -0.005 -2"><span class='ocrx_word' id='word_1_51' title='bbox 324 1109 372 1156; x_wconf 85' lang='lat' dir='ltr'><strong>tur</strong></span> <span class='ocrx_word' id='word_1_52' title='bbox 390 1118 452 1158; x_wconf 90' lang='lat' dir='ltr'><strong>cum</strong></span> <span class='ocrx_word' id='word_1_53' title='bbox 471 1100 530 1155; x_wconf 87' lang='lat' dir='ltr'><strong>ao.“</strong></span> 
     </span>
     <span class='ocr_line' id='line_1_10' title="bbox 904 1151 1280 1244; baseline -0.003 -17"><span class='ocrx_word' id='word_1_54' title='bbox 904 1171 971 1228; x_wconf 77' lang='lat' dir='ltr'><strong>trs.</strong></span> <span class='ocrx_word' id='word_1_55' title='bbox 991 1173 1127 1244; x_wconf 66' lang='lat' dir='ltr'><strong>taetras,</strong></span> <span class='ocrx_word' id='word_1_56' title='bbox 1146 1151 1211 1238; x_wconf 70' lang='lat' dir='ltr'><strong>alx,</strong></span> <span class='ocrx_word' id='word_1_57' title='bbox 1236 1169 1280 1226; x_wconf 63' lang='lat' dir='ltr'><strong>ic.</strong></span> 
     </span>
    </p>
   </div>
   <div class='ocr_carea' id='block_1_5' title="bbox 230 1261 1360 1597">
    <p class='ocr_par' dir='ltr' id='par_1_5' title="bbox 315 1261 1360 1432">
     <span class='ocr_line' id='line_1_11' title="bbox 388 1261 1359 1346; baseline -0.004 -18"><span class='ocrx_word' id='word_1_58' title='bbox 388 1267 465 1328; x_wconf 91' lang='lat' dir='ltr'><strong>Cum</strong></span> <span class='ocrx_word' id='word_1_59' title='bbox 494 1263 592 1328; x_wconf 84' lang='lat' dir='ltr'><strong>hircis</strong></span> <span class='ocrx_word' id='word_1_60' title='bbox 622 1265 839 1329; x_wconf 72' lang='lat' dir='ltr'><strong>concubebant</strong></span> <span class='ocrx_word' id='word_1_61' title='bbox 867 1265 1025 1328; x_wconf 83' lang='lat' dir='ltr'><strong>interdum</strong></span> <span class='ocrx_word' id='word_1_62' title='bbox 1046 1265 1196 1328; x_wconf 87' lang='lat' dir='ltr'><strong>mulieres</strong></span> <span class='ocrx_word' id='word_1_63' title='bbox 1217 1261 1359 1346; x_wconf 82' lang='lat' dir='ltr'><strong>aegyptiae</strong></span> 
     </span>
     <span class='ocr_line' id='line_1_12' title="bbox 315 1347 1360 1432; baseline -0.004 -20"><span class='ocrx_word' id='word_1_64' title='bbox 315 1349 469 1432; x_wconf 81' lang='lat' dir='ltr'><strong>(Herodot.</strong></span> <span class='ocrx_word' id='word_1_65' title='bbox 486 1351 539 1429; x_wconf 90' lang='lat' dir='ltr'><strong>lV,</strong></span> <span class='ocrx_word' id='word_1_66' title='bbox 564 1349 622 1428; x_wconf 87' lang='lat' dir='ltr'><strong>x);</strong></span> <span class='ocrx_word' id='word_1_67' title='bbox 645 1363 687 1428; x_wconf 90' lang='lat' dir='ltr'><strong>et,</strong></span> <span class='ocrx_word' id='word_1_68' title='bbox 709 1361 787 1413; x_wconf 88' lang='lat' dir='ltr'><strong>teste</strong></span> <span class='ocrx_word' id='word_1_69' title='bbox 806 1351 922 1429; x_wconf 87' lang='lat' dir='ltr'><strong>Plinio,</strong></span> <span class='ocrx_word' id='word_1_70' title='bbox 944 1349 1124 1432; x_wconf 85' lang='lat' dir='ltr'><strong>pharetrata</strong></span> <span class='ocrx_word' id='word_1_71' title='bbox 1145 1349 1200 1411; x_wconf 87' lang='lat' dir='ltr'><strong>illa</strong></span> <span class='ocrx_word' id='word_1_72' title='bbox 1221 1347 1360 1408; x_wconf 87' lang='lat' dir='ltr'><strong>Semira-</strong></span> 
     </span>
    </p>

    <p class='ocr_par' dir='ltr' id='par_1_6' title="bbox 230 1427 1359 1597">
     <span class='ocr_line' id='line_1_13' title="bbox 230 1427 1184 1514; baseline -0.006 -16"><span class='ocrx_word' id='word_1_73' title='bbox 230 1467 234 1472; x_wconf 91' lang='lat'><em>·</em></span> <span class='ocrx_word' id='word_1_74' title='bbox 314 1436 373 1498; x_wconf 85' lang='lat' dir='ltr'><strong>tuis</strong></span> <span class='ocrx_word' id='word_1_75' title='bbox 396 1453 478 1514; x_wconf 88' lang='lat' dir='ltr'><strong>equo</strong></span> <span class='ocrx_word' id='word_1_76' title='bbox 500 1433 670 1514; x_wconf 88' lang='lat' dir='ltr'><strong>prostabat.</strong></span> <span class='ocrx_word' id='word_1_77' title='bbox 1154 1427 1184 1488; x_wconf 50' lang='grc' dir='ltr'><strong>ἶ</strong></span> 
     </span>
     <span class='ocr_line' id='line_1_14' title="bbox 387 1511 1359 1597; baseline -0.007 -19"><span class='ocrx_word' id='word_1_78' title='bbox 387 1519 486 1578; x_wconf 83' lang='lat' dir='ltr'><strong>Erant</strong></span> <span class='ocrx_word' id='word_1_79' title='bbox 505 1516 598 1576; x_wconf 84' lang='lat' dir='ltr'><strong>etiam</strong></span> <span class='ocrx_word' id='word_1_80' title='bbox 620 1519 702 1578; x_wconf 87' lang='lat' dir='ltr'><strong>inter</strong></span> <span class='ocrx_word' id='word_1_81' title='bbox 721 1519 878 1576; x_wconf 87' lang='lat' dir='ltr'><strong>Romanas</strong></span> <span class='ocrx_word' id='word_1_82' title='bbox 899 1533 990 1596; x_wconf 83' lang='lat' dir='ltr'><strong>qnae,</strong></span> <span class='ocrx_word' id='word_1_83' title='bbox 1011 1535 1102 1576; x_wconf 91' lang='lat' dir='ltr'><strong>more</strong></span> <span class='ocrx_word' id='word_1_84' title='bbox 1124 1511 1304 1597; x_wconf 73' lang='lat' dir='ltr'><strong>Pasiphaam,</strong></span> <span class='ocrx_word' id='word_1_85' title='bbox 1326 1531 1359 1572; x_wconf 87' lang='lat' dir='ltr'><strong>se</strong></span> 
     </span>
    </p>
   </div>
   <div class='ocr_carea' id='block_1_6' title="bbox 317 1593 1358 1977">
    <p class='ocr_par' dir='ltr' id='par_1_7' title="bbox 317 1593 1358 1977">
     <span class='ocr_line' id='line_1_15' title="bbox 317 1593 1358 1694; baseline -0.003 -33"><span class='ocrx_word' id='word_1_86' title='bbox 317 1600 448 1678; x_wconf 67' lang='lat' dir='ltr'><strong>iacemus</strong></span> <span class='ocrx_word' id='word_1_87' title='bbox 454 1597 616 1678; x_wconf 80' lang='lat' dir='ltr'><strong>sociabunt.</strong></span> <span class='ocrx_word' id='word_1_88' title='bbox 634 1599 804 1682; x_wconf 75' lang='lat' dir='ltr'><strong>(Pasiphaae</strong></span> <span class='ocrx_word' id='word_1_89' title='bbox 818 1595 909 1676; x_wconf 77' lang='lat' dir='ltr'><strong>fabul.</strong></span> <span class='ocrx_word' id='word_1_90' title='bbox 931 1619 969 1658; x_wconf 76' lang='lat' dir='ltr'><strong>aa</strong></span> <span class='ocrx_word' id='word_1_91' title='bbox 983 1609 1065 1694; x_wconf 65' lang='lat' dir='ltr'><strong>praetr.</strong></span> <span class='ocrx_word' id='word_1_92' title='bbox 1079 1599 1187 1660; x_wconf 84' lang='lat' dir='ltr'><strong>Horat.</strong></span> <span class='ocrx_word' id='word_1_93' title='bbox 1204 1619 1274 1660; x_wconf 82' lang='lat' dir='ltr'><strong>vars.</strong></span> <span class='ocrx_word' id='word_1_94' title='bbox 1291 1593 1358 1677; x_wconf 76' lang='lat'>18.)</span> 
     </span>
     <span class='ocr_line' id='line_1_16' title="bbox 369 1681 1317 1830; baseline -0.002 -18"><span class='ocrx_word' id='word_1_95' title='bbox 369 1756 489 1828; x_wconf 79' lang='lat' dir='ltr'><strong>uaeritur,</strong></span> <span class='ocrx_word' id='word_1_96' title='bbox 508 1769 535 1823; x_wconf 81' lang='lat' dir='ltr'><strong>et</strong></span> <span class='ocrx_word' id='word_1_97' title='bbox 553 1757 650 1814; x_wconf 84' lang='lat' dir='ltr'><strong>desunt</strong></span> <span class='ocrx_word' id='word_1_98' title='bbox 670 1681 1067 1827; x_wconf 59' lang='lat' dir='ltr'><strong>homines,&#39;m‹iii&#39;biilll⁰p⁸ir</strong></span> <span class='ocrx_word' id='word_1_99' title='bbox 1084 1755 1183 1830; x_wconf 86' lang='lat' dir='ltr'><strong>ipsam,</strong></span> <span class='ocrx_word' id='word_1_100' title='bbox 1220 1786 1224 1792; x_wconf 50' lang='lat'><strong>⁴</strong></span> <span class='ocrx_word' id='word_1_101' title='bbox 1315 1705 1317 1711; x_wconf 56' lang='lat'><em>&#39;</em></span> 
     </span>
     <span class='ocr_line' id='line_1_17' title="bbox 339 1755 1057 1908; baseline -0.007 -19"><span class='ocrx_word' id='word_1_102' title='bbox 339 1755 402 1908; x_wconf 63' lang='lat' dir='ltr'><strong>guo</strong></span> <span class='ocrx_word' id='word_1_103' title='bbox 421 1833 511 1890; x_wconf 87' lang='lat' dir='ltr'><strong>minus</strong></span> <span class='ocrx_word' id='word_1_104' title='bbox 530 1833 659 1907; x_wconf 87' lang='lat' dir='ltr'><strong>imposito</strong></span> <span class='ocrx_word' id='word_1_105' title='bbox 679 1835 786 1892; x_wconf 86' lang='lat' dir='ltr'><strong>clunem</strong></span> <span class='ocrx_word' id='word_1_106' title='bbox 805 1830 945 1886; x_wconf 77' lang='lat' dir='ltr'><strong>submittat</strong></span> <span class='ocrx_word' id='word_1_107' title='bbox 964 1831 1057 1885; x_wconf 90' lang='lat' dir='ltr'><strong>asello.</strong></span> 
     </span>
     <span class='ocr_line' id='line_1_18' title="bbox 994 1903 1271 1977; baseline 0.004 -18"><span class='ocrx_word' id='word_1_108' title='bbox 994 1905 1115 1971; x_wconf 64' lang='lat' dir='ltr'><strong>soavi,</strong></span> <span class='ocrx_word' id='word_1_109' title='bbox 1138 1903 1190 1958; x_wconf 75' lang='lat'><strong>352</strong></span> <span class='ocrx_word' id='word_1_110' title='bbox 1212 1919 1271 1977; x_wconf 82' lang='lat' dir='ltr'><strong>sqq.</strong></span> 
     </span>
    </p>
   </div>
   <div class='ocr_carea' id='block_1_7' title="bbox 363 1989 1357 2088">
    <p class='ocr_par' dir='ltr' id='par_1_8' title="bbox 363 1989 1357 2088">
     <span class='ocr_line' id='line_1_19' title="bbox 363 1989 1357 2088; baseline -0.006 -26"><span class='ocrx_word' id='word_1_111' title='bbox 363 1989 426 2062; x_wconf 81' lang='lat' dir='ltr'><strong>&#39;Et</strong></span> <span class='ocrx_word' id='word_1_112' title='bbox 455 2000 487 2062; x_wconf 91' lang='lat' dir='ltr'><strong>in</strong></span> <span class='ocrx_word' id='word_1_113' title='bbox 516 1999 641 2063; x_wconf 87' lang='lat' dir='ltr'><strong>theatro</strong></span> <span class='ocrx_word' id='word_1_114' title='bbox 671 1996 883 2088; x_wconf 73' lang='lat' dir='ltr'><strong>effingebatur</strong></span> <span class='ocrx_word' id='word_1_115' title='bbox 912 1996 982 2061; x_wconf 86' lang='lat' dir='ltr'><strong>hacc</strong></span> <span class='ocrx_word' id='word_1_116' title='bbox 1009 2019 1129 2072; x_wconf 89' lang='lat' dir='ltr'><strong>summa</strong></span> <span class='ocrx_word' id='word_1_117' title='bbox 1150 1993 1357 2080; x_wconf 85' lang='lat' dir='ltr'><strong>impudicitia,</strong></span> 
     </span>
    </p>
   </div>
   <div class='ocr_carea' id='block_1_8' title="bbox 311 2082 1357 2314">
    <p class='ocr_par' dir='ltr' id='par_1_9' title="bbox 311 2082 1357 2314">
     <span class='ocr_line' id='line_1_20' title="bbox 311 2082 664 2164; baseline -0.017 -17"><span class='ocrx_word' id='word_1_118' title='bbox 311 2082 384 2159; x_wconf 77' lang='lat' dir='ltr'><strong>fere</strong></span> <span class='ocrx_word' id='word_1_119' title='bbox 406 2084 494 2145; x_wconf 90' lang='lat' dir='ltr'><strong>nullo</strong></span> <span class='ocrx_word' id='word_1_120' title='bbox 516 2085 664 2164; x_wconf 88' lang='lat' dir='ltr'><strong>pudente.</strong></span> 
     </span>
     <span class='ocr_line' id='line_1_21' title="bbox 376 2159 1357 2239; baseline -0.003 -19"><span class='ocrx_word' id='word_1_121' title='bbox 376 2167 468 2239; x_wconf 84' lang='lat' dir='ltr'><strong>„luter</strong></span> <span class='ocrx_word' id='word_1_122' title='bbox 502 2167 695 2237; x_wconf 79' lang='lat' dir='ltr'><strong>Pyrrhicaruns</strong></span> <span class='ocrx_word' id='word_1_123' title='bbox 731 2173 908 2238; x_wconf 78' lang='lat' dir='ltr'><strong>argumenta,</strong></span> <span class='ocrx_word' id='word_1_124' title='bbox 945 2174 1041 2218; x_wconf 86' lang='lat' dir='ltr'><strong>taurus</strong></span> <span class='ocrx_word' id='word_1_125' title='bbox 1076 2159 1228 2234; x_wconf 77' lang='lat' dir='ltr'><strong>Pasiphaen</strong></span> <span class='ocrx_word' id='word_1_126' title='bbox 1262 2159 1357 2234; x_wconf 82' lang='lat' dir='ltr'><strong>ligneo</strong></span> 
     </span>
     <span class='ocr_line' id='line_1_22' title="bbox 319 2235 1356 2314; baseline -0.006 -18"><span class='ocrx_word' id='word_1_127' title='bbox 319 2243 440 2314; x_wconf 74' lang='lat' dir='ltr'><strong>juvenca</strong></span> <span class='ocrx_word' id='word_1_128' title='bbox 466 2241 613 2299; x_wconf 87' lang='lat' dir='ltr'><strong>simulacro</strong></span> <span class='ocrx_word' id='word_1_129' title='bbox 638 2240 758 2299; x_wconf 84' lang='lat' dir='ltr'><strong>abditam</strong></span> <span class='ocrx_word' id='word_1_130' title='bbox 776 2240 856 2310; x_wconf 90' lang='lat' dir='ltr'><strong>iniit,</strong></span> <span class='ocrx_word' id='word_1_131' title='bbox 890 2239 1015 2294; x_wconf 85' lang='lat' dir='ltr'><strong>etmulti</strong></span> <span class='ocrx_word' id='word_1_132' title='bbox 1035 2239 1214 2310; x_wconf 81' lang='lat' dir='ltr'><strong>spectantium</strong></span> <span class='ocrx_word' id='word_1_133' title='bbox 1232 2235 1356 2293; x_wconf 81' lang='lat' dir='ltr'><strong>credide·</strong></span> 
     </span>
    </p>
   </div>
   <div class='ocr_carea' id='block_1_9' title="bbox 320 2318 1277 2458">
    <p class='ocr_par' dir='ltr' id='par_1_10' title="bbox 320 2318 1277 2458">
     <span class='ocr_line' id='line_1_23' title="bbox 320 2318 415 2374; baseline -0.021 0"><span class='ocrx_word' id='word_1_134' title='bbox 320 2318 415 2374; x_wconf 87' lang='lat' dir='ltr'><strong>runt.“</strong></span> 
     </span>
     <span class='ocr_line' id='line_1_24' title="bbox 953 2385 1277 2458; baseline 0 -18"><span class='ocrx_word' id='word_1_135' title='bbox 953 2387 1033 2458; x_wconf 76' lang='lat' dir='ltr'><strong>Suus.</strong></span> <span class='ocrx_word' id='word_1_136' title='bbox 1055 2387 1086 2444; x_wconf 82' lang='lat' dir='ltr'><strong>t‘a</strong></span> <span class='ocrx_word' id='word_1_137' title='bbox 1105 2385 1219 2445; x_wconf 83' lang='lat' dir='ltr'><strong>Neron.</strong></span> <span class='ocrx_word' id='word_1_138' title='bbox 1235 2405 1277 2454; x_wconf 69' lang='lat' dir='ltr'><strong>as,</strong></span> 
     </span>
    </p>
   </div>
   <div class='ocr_carea' id='block_1_10' title="bbox 226 2475 1354 2564">
    <p class='ocr_par' dir='ltr' id='par_1_11' title="bbox 226 2475 1354 2564">
     <span class='ocr_line' id='line_1_25' title="bbox 226 2475 1354 2564; baseline -0.005 -18"><span class='ocrx_word' id='word_1_139' title='bbox 226 2484 455 2546; x_wconf 79' lang='lat' dir='ltr'><strong>BUBINARE.</strong></span> <span class='ocrx_word' id='word_1_140' title='bbox 480 2518 522 2531; x_wconf 94' lang='lat'><strong>·-</strong></span> <span class='ocrx_word' id='word_1_141' title='bbox 543 2483 647 2561; x_wconf 71' lang='lat' dir='ltr'><strong>(Post,</strong></span> <span class='ocrx_word' id='word_1_142' title='bbox 672 2484 776 2562; x_wconf 78' lang='lat' dir='ltr'><strong>Lucil)</strong></span> <span class='ocrx_word' id='word_1_143' title='bbox 808 2484 969 2544; x_wconf 83' lang='lat' dir='ltr'><strong>Menstrua</strong></span> <span class='ocrx_word' id='word_1_144' title='bbox 998 2481 1167 2544; x_wconf 89' lang='lat' dir='ltr'><strong>mulierum</strong></span> <span class='ocrx_word' id='word_1_145' title='bbox 1196 2475 1354 2564; x_wconf 87' lang='lat' dir='ltr'><strong>polluere.</strong></span> 
     </span>
    </p>
   </div>
   <div class='ocr_carea' id='block_1_11' title="bbox 309 2566 1278 2795">
    <p class='ocr_par' dir='ltr' id='par_1_12' title="bbox 309 2566 1278 2795">
     <span class='ocr_line' id='line_1_26' title="bbox 309 2566 875 2644; baseline -0.012 -11"><span class='ocrx_word' id='word_1_146' title='bbox 309 2566 383 2633; x_wconf 75' lang='lat' dir='ltr'><strong>Vid,</strong></span> <span class='ocrx_word' id='word_1_147' title='bbox 406 2569 523 2638; x_wconf 77' lang='lat' dir='ltr'><strong>Pollux,</strong></span> <span class='ocrx_word' id='word_1_148' title='bbox 544 2570 599 2642; x_wconf 91' lang='lat' dir='ltr'><strong>IV,</strong></span> <span class='ocrx_word' id='word_1_149' title='bbox 623 2577 679 2644; x_wconf 70' lang='lat'><strong>243</strong></span> <span class='ocrx_word' id='word_1_150' title='bbox 701 2579 732 2628; x_wconf 87' lang='lat' dir='ltr'><strong>et</strong></span> <span class='ocrx_word' id='word_1_151' title='bbox 752 2567 820 2640; x_wconf 87' lang='lat' dir='ltr'><strong>Xll,</strong></span> <span class='ocrx_word' id='word_1_152' title='bbox 845 2573 875 2640; x_wconf 74' lang='grc'><strong>4.</strong></span> 
     </span>
     <span class='ocr_line' id='line_1_27' title="bbox 383 2647 1138 2722; baseline -0.009 -15"><span class='ocrx_word' id='word_1_153' title='bbox 383 2651 447 2707; x_wconf 82' lang='lat' dir='ltr'><strong>Haec</strong></span> <span class='ocrx_word' id='word_1_154' title='bbox 466 2652 492 2706; x_wconf 76' lang='lat' dir='ltr'><strong>tl</strong></span> <span class='ocrx_word' id='word_1_155' title='bbox 512 2651 685 2722; x_wconf 72' lang='lat' dir='ltr'><strong>imbubiaat,</strong></span> <span class='ocrx_word' id='word_1_156' title='bbox 705 2661 733 2714; x_wconf 85' lang='lat' dir='ltr'><strong>et</strong></span> <span class='ocrx_word' id='word_1_157' title='bbox 751 2660 848 2708; x_wconf 86' lang='lat' dir='ltr'><strong>contra</strong></span> <span class='ocrx_word' id='word_1_158' title='bbox 866 2659 893 2708; x_wconf 87' lang='lat' dir='ltr'><strong>te</strong></span> <span class='ocrx_word' id='word_1_159' title='bbox 912 2647 1065 2706; x_wconf 85' lang='lat' dir='ltr'><strong>imbulbitst</strong></span> <span class='ocrx_word' id='word_1_160' title='bbox 1084 2647 1138 2702; x_wconf 91' lang='lat' dir='ltr'><strong>illa.</strong></span> 
     </span>
     <span class='ocr_line' id='line_1_28' title="bbox 749 2721 1278 2795; baseline -0.013 -13"><span class='ocrx_word' id='word_1_161' title='bbox 749 2725 850 2782; x_wconf 80' lang='lat' dir='ltr'><strong>Luem.</strong></span> <span class='ocrx_word' id='word_1_162' title='bbox 872 2723 966 2795; x_wconf 77' lang='lat' dir='ltr'><strong>Frag.</strong></span> <span class='ocrx_word' id='word_1_163' title='bbox 986 2741 1024 2790; x_wconf 71' lang='lat' dir='ltr'><strong>aa</strong></span> <span class='ocrx_word' id='word_1_164' title='bbox 1043 2725 1146 2778; x_wconf 81' lang='lat' dir='ltr'><strong>insert.</strong></span> <span class='ocrx_word' id='word_1_165' title='bbox 1167 2721 1218 2783; x_wconf 78' lang='lat' dir='ltr'><strong>tit.</strong></span> <span class='ocrx_word' id='word_1_166' title='bbox 1232 2721 1278 2777; x_wconf 75' lang='lat'><strong>36.</strong></span> 
     </span>
    </p>
   </div>
   <div class='ocr_carea' id='block_1_12' title="bbox 226 2794 1387 3130">
    <p class='ocr_par' dir='ltr' id='par_1_13' title="bbox 226 2794 1387 3130">
     <span class='ocr_line' id='line_1_29' title="bbox 382 2794 1387 2877; baseline -0.001 -15"><span class='ocrx_word' id='word_1_167' title='bbox 382 2801 412 2862; x_wconf 85' lang='lat' dir='ltr'><strong>A</strong></span> <span class='ocrx_word' id='word_1_168' title='bbox 434 2794 591 2877; x_wconf 72' lang='grc' dir='ltr'>βούβων,</span> <span class='ocrx_word' id='word_1_169' title='bbox 612 2806 723 2876; x_wconf 74' lang='lat' dir='ltr'><strong>inguen.</strong></span> <span class='ocrx_word' id='word_1_170' title='bbox 911 2865 915 2870; x_wconf 75' lang='grc'><em>,</em></span> <span class='ocrx_word' id='word_1_171' title='bbox 1385 2845 1387 2850; x_wconf 87' lang='grc'><strong>-</strong></span> 
     </span>
     <span class='ocr_line' id='line_1_30' title="bbox 226 2877 1352 2967; baseline -0.007 -19"><span class='ocrx_word' id='word_1_172' title='bbox 226 2885 360 2958; x_wconf 87' lang='lat' dir='ltr'><strong>BUBIS.</strong></span> <span class='ocrx_word' id='word_1_173' title='bbox 384 2917 432 2967; x_wconf 27' lang='grc' dir='ltr'><strong>-ἱ</strong></span> <span class='ocrx_word' id='word_1_174' title='bbox 444 2883 541 2965; x_wconf 85' lang='lat' dir='ltr'><strong>Apud</strong></span> <span class='ocrx_word' id='word_1_175' title='bbox 570 2883 722 2946; x_wconf 86' lang='lat' dir='ltr'><strong>Isidorum</strong></span> <span class='ocrx_word' id='word_1_176' title='bbox 749 2904 808 2965; x_wconf 92' lang='lat' dir='ltr'><strong>pro</strong></span> <span class='ocrx_word' id='word_1_177' title='bbox 837 2881 956 2960; x_wconf 82' lang='lat' dir='ltr'><strong>barba3</strong></span> <span class='ocrx_word' id='word_1_178' title='bbox 987 2881 1043 2944; x_wconf 86' lang='lat' dir='ltr'><strong>sed</strong></span> <span class='ocrx_word' id='word_1_179' title='bbox 1068 2879 1166 2943; x_wconf 83' lang='lat' dir='ltr'><strong>male:</strong></span> <span class='ocrx_word' id='word_1_180' title='bbox 1198 2879 1261 2962; x_wconf 81' lang='lat' dir='ltr'><strong>iam</strong></span> <span class='ocrx_word' id='word_1_181' title='bbox 1290 2877 1352 2940; x_wconf 89' lang='lat' dir='ltr'><strong>suls</strong></span> 
     </span>
     <span class='ocr_line' id='line_1_31' title="bbox 311 2963 1354 3048; baseline -0.007 -19"><span class='ocrx_word' id='word_1_182' title='bbox 311 2971 458 3039; x_wconf 83' lang='lat' dir='ltr'><strong>Nerone,</strong></span> <span class='ocrx_word' id='word_1_183' title='bbox 482 2977 514 3026; x_wconf 87' lang='lat' dir='ltr'><strong>et</strong></span> <span class='ocrx_word' id='word_1_184' title='bbox 537 2965 575 3025; x_wconf 92' lang='lat' dir='ltr'><strong>ab</strong></span> <span class='ocrx_word' id='word_1_185' title='bbox 601 2967 774 3043; x_wconf 81' lang='lat' dir='ltr'><strong>Armeniis,</strong></span> <span class='ocrx_word' id='word_1_186' title='bbox 803 2969 842 3026; x_wconf 91' lang='lat' dir='ltr'><strong>B.</strong></span> <span class='ocrx_word' id='word_1_187' title='bbox 865 2986 924 3046; x_wconf 91' lang='lat' dir='ltr'><strong>pro</strong></span> <span class='ocrx_word' id='word_1_188' title='bbox 945 2967 982 3028; x_wconf 92' lang='lat' dir='ltr'><strong>P.</strong></span> <span class='ocrx_word' id='word_1_189' title='bbox 1002 2965 1168 3048; x_wconf 84' lang='lat' dir='ltr'><strong>aliquando</strong></span> <span class='ocrx_word' id='word_1_190' title='bbox 1190 2963 1354 3027; x_wconf 74' lang='lat' dir='ltr'><strong>scrobeba-¹</strong></span> 
     </span>
     <span class='ocr_line' id='line_1_32' title="bbox 309 3049 977 3130; baseline -0.004 -18"><span class='ocrx_word' id='word_1_191' title='bbox 309 3063 372 3112; x_wconf 86' lang='lat' dir='ltr'><strong>tur.</strong></span> <span class='ocrx_word' id='word_1_192' title='bbox 416 3050 500 3109; x_wconf 85' lang='lat' dir='ltr'><strong>Bubis</strong></span> <span class='ocrx_word' id='word_1_193' title='bbox 521 3069 610 3130; x_wconf 83' lang='lat' dir='ltr'><strong>crgo,</strong></span> <span class='ocrx_word' id='word_1_194' title='bbox 635 3051 667 3109; x_wconf 92' lang='lat' dir='ltr'><strong>ni</strong></span> <span class='ocrx_word' id='word_1_195' title='bbox 688 3049 795 3130; x_wconf 80' lang='lat' dir='ltr'><strong>fallor,</strong></span> <span class='ocrx_word' id='word_1_196' title='bbox 816 3069 877 3130; x_wconf 91' lang='lat' dir='ltr'><strong>pro</strong></span> <span class='ocrx_word' id='word_1_197' title='bbox 896 3051 977 3130; x_wconf 85' lang='lat' dir='ltr'><strong>pube.</strong></span> 
     </span>
    </p>
   </div>
   <div class='ocr_carea' id='block_1_13' title="bbox 225 3099 1353 3254">
    <p class='ocr_par' dir='ltr' id='par_1_14' title="bbox 225 3099 1353 3254">
     <span class='ocr_line' id='line_1_33' title="bbox 225 3099 1353 3254; baseline -0.004 -41"><span class='ocrx_word' id='word_1_198' title='bbox 225 3149 459 3214; x_wconf 78' lang='lat' dir='ltr'><strong>BUBONlUM.</strong></span> <span class='ocrx_word' id='word_1_199' title='bbox 489 3144 706 3226; x_wconf 82' lang='grc' dir='ltr'>Βουβώνιον.</span> <span class='ocrx_word' id='word_1_200' title='bbox 737 3183 778 3195; x_wconf 93' lang='grc'>-</span> <span class='ocrx_word' id='word_1_201' title='bbox 807 3150 914 3211; x_wconf 86' lang='lat' dir='ltr'><strong>Genus</strong></span> <span class='ocrx_word' id='word_1_202' title='bbox 941 3147 1050 3213; x_wconf 87' lang='lat' dir='ltr'><strong>herbae</strong></span> <span class='ocrx_word' id='word_1_203' title='bbox 1080 3169 1149 3234; x_wconf 85' lang='lat' dir='ltr'><strong>quae</strong></span> <span class='ocrx_word' id='word_1_204' title='bbox 1169 3099 1353 3254; x_wconf 74' lang='lat' dir='ltr'><strong>inguinibus</strong></span> 
     </span>
    </p>
   </div>
   <div class='ocr_carea' id='block_1_14' title="bbox 310 3235 1354 3390">
    <p class='ocr_par' dir='ltr' id='par_1_15' title="bbox 310 3235 1354 3390">
     <span class='ocr_line' id='line_1_34' title="bbox 310 3235 1354 3390; baseline -0.002 -19"><span class='ocrx_word' id='word_1_205' title='bbox 310 3235 530 3387; x_wconf 49' lang='grc' dir='ltr'><strong>ἃῃῃῗίξιυοῒώ</strong></span> <span class='ocrx_word' id='word_1_206' title='bbox 549 3316 683 3388; x_wconf 75' lang='lat' dir='ltr'><strong>aliquibus</strong></span> <span class='ocrx_word' id='word_1_207' title='bbox 698 3279 850 3370; x_wconf 74' lang='lat' dir='ltr'><strong>hasbanium</strong></span> <span class='ocrx_word' id='word_1_208' title='bbox 867 3315 1030 3390; x_wconf 84' lang='lat' dir='ltr'><strong>appellatur,</strong></span> <span class='ocrx_word' id='word_1_209' title='bbox 1051 3313 1179 3390; x_wconf 81' lang='lat' dir='ltr'><strong>quoniam</strong></span> <span class='ocrx_word' id='word_1_210' title='bbox 1194 3312 1354 3388; x_wconf 82' lang='lat' dir='ltr'><strong>inguinibus</strong></span> 
     </span>
    </p>
   </div>
   <div class='ocr_carea' id='block_1_15' title="bbox 319 3391 1273 3532">
    <p class='ocr_par' dir='ltr' id='par_1_16' title="bbox 319 3391 1273 3532">
     <span class='ocr_line' id='line_1_35' title="bbox 319 3391 785 3466; baseline -0.002 -19"><span class='ocrx_word' id='word_1_211' title='bbox 319 3402 533 3466; x_wconf 84' lang='lat' dir='ltr'><strong>praesentaneum</strong></span> <span class='ocrx_word' id='word_1_212' title='bbox 553 3393 701 3456; x_wconf 85' lang='lat' dir='ltr'><strong>remedium</strong></span> <span class='ocrx_word' id='word_1_213' title='bbox 721 3391 785 3460; x_wconf 78' lang='lat' dir='ltr'><strong>eet,“</strong></span> 
     </span>
     <span class='ocr_line' id='line_1_36' title="bbox 769 3462 1273 3532; baseline -0.01 -10"><span class='ocrx_word' id='word_1_214' title='bbox 769 3469 771 3478; x_wconf 78' lang='grc'>’</span> <span class='ocrx_word' id='word_1_215' title='bbox 1042 3466 1119 3532; x_wconf 74' lang='lat' dir='ltr'><strong>Putre.</strong></span> <span class='ocrx_word' id='word_1_216' title='bbox 1136 3465 1225 3532; x_wconf 81' lang='lat' dir='ltr'><strong>XXV,</strong></span> <span class='ocrx_word' id='word_1_217' title='bbox 1246 3462 1273 3532; x_wconf 76' lang='lat'><strong>5.</strong></span> 
     </span>
    </p>
   </div>
   <div class='ocr_carea' id='block_1_16' title="bbox 166 3557 1351 3723">
    <p class='ocr_par' dir='ltr' id='par_1_17' title="bbox 166 3557 1351 3723">
     <span class='ocr_line' id='line_1_37' title="bbox 166 3557 1351 3642; baseline -0.002 -20"><span class='ocrx_word' id='word_1_218' title='bbox 166 3568 172 3580; x_wconf 91' lang='grc'><em>“</em></span> <span class='ocrx_word' id='word_1_219' title='bbox 223 3559 373 3637; x_wconf 69' lang='lat' dir='ltr'><strong>Bucen.</strong></span> <span class='ocrx_word' id='word_1_220' title='bbox 386 3592 436 3616; x_wconf 92' lang='lat'><strong>.·-</strong></span> <span class='ocrx_word' id='word_1_221' title='bbox 458 3558 640 3622; x_wconf 85' lang='lat' dir='ltr'><strong>Plebecnlae</strong></span> <span class='ocrx_word' id='word_1_222' title='bbox 658 3558 855 3639; x_wconf 83' lang='lat' dir='ltr'><strong>vocabulum,</strong></span> <span class='ocrx_word' id='word_1_223' title='bbox 877 3579 937 3642; x_wconf 87' lang='lat' dir='ltr'><strong>pro</strong></span> <span class='ocrx_word' id='word_1_224' title='bbox 954 3579 1031 3639; x_wconf 67' lang='lat' dir='ltr'><strong>ore,</strong></span> <span class='ocrx_word' id='word_1_225' title='bbox 1052 3557 1261 3641; x_wconf 86' lang='lat' dir='ltr'><strong>scriptoribus</strong></span> <span class='ocrx_word' id='word_1_226' title='bbox 1270 3576 1351 3630; x_wconf 78' lang='lat' dir='ltr'><strong>vero</strong></span> 
     </span>
     <span class='ocr_line' id='line_1_38' title="bbox 214 3642 871 3723; baseline -0.002 -16"><span class='ocrx_word' id='word_1_227' title='bbox 214 3701 216 3707; x_wconf 28' lang='lat' dir='ltr'><strong>s</strong></span> <span class='ocrx_word' id='word_1_228' title='bbox 308 3642 381 3705; x_wconf 84' lang='lat' dir='ltr'><strong>fere</strong></span> <span class='ocrx_word' id='word_1_229' title='bbox 401 3663 527 3723; x_wconf 86' lang='lat' dir='ltr'><strong>semper</strong></span> <span class='ocrx_word' id='word_1_230' title='bbox 549 3643 581 3703; x_wconf 94' lang='lat' dir='ltr'><strong>in</strong></span> <span class='ocrx_word' id='word_1_231' title='bbox 603 3642 757 3716; x_wconf 81' lang='lat' dir='ltr'><strong>obscenis.</strong></span> <span class='ocrx_word' id='word_1_232' title='bbox 802 3643 871 3706; x_wconf 84' lang='lat' dir='ltr'><strong>Sic:</strong></span> 
     </span>
    </p>
   </div>
   <div class='ocr_carea' id='block_1_17' title="bbox 224 3743 949 3834">
    <p class='ocr_par' dir='ltr' id='par_1_18' title="bbox 224 3743 949 3834">
     <span class='ocr_line' id='line_1_39' title="bbox 224 3743 949 3834; baseline 0 -30"><span class='ocrx_word' id='word_1_233' title='bbox 224 3743 373 3806; x_wconf 74' lang='lat' dir='ltr'><strong>Bucen.</strong></span> <span class='ocrx_word' id='word_1_234' title='bbox 395 3777 437 3788; x_wconf 85' lang='lat'><em>-</em></span> <span class='ocrx_word' id='word_1_235' title='bbox 456 3746 521 3806; x_wconf 91' lang='lat' dir='ltr'><strong>Pro</strong></span> <span class='ocrx_word' id='word_1_236' title='bbox 542 3745 710 3806; x_wconf 87' lang='lat' dir='ltr'><strong>mulierum</strong></span> <span class='ocrx_word' id='word_1_237' title='bbox 727 3743 897 3834; x_wconf 82' lang='lat' dir='ltr'><strong>pudendis.</strong></span> <span class='ocrx_word' id='word_1_238' title='bbox 947 3759 949 3764; x_wconf 85' lang='lat'>&#39;</span> 
     </span>
    </p>
   </div>
   <div class='ocr_carea' id='block_1_18' title="bbox 410 3843 1401 4216">
    <p class='ocr_par' dir='ltr' id='par_1_19' title="bbox 414 3843 1178 3992">
     <span class='ocr_line' id='line_1_40' title="bbox 414 3843 1178 3916; baseline 0 -17"><span class='ocrx_word' id='word_1_239' title='bbox 414 3843 466 3899; x_wconf 91' lang='lat' dir='ltr'><strong>Sed</strong></span> <span class='ocrx_word' id='word_1_240' title='bbox 486 3861 537 3900; x_wconf 91' lang='lat' dir='ltr'><strong>nec</strong></span> <span class='ocrx_word' id='word_1_241' title='bbox 556 3845 657 3916; x_wconf 76' lang='lat' dir='ltr'><strong>paedieo</strong></span> <span class='ocrx_word' id='word_1_242' title='bbox 676 3863 713 3916; x_wconf 89' lang='lat' dir='ltr'><strong>aa,</strong></span> <span class='ocrx_word' id='word_1_243' title='bbox 733 3864 785 3901; x_wconf 86' lang='lat' dir='ltr'><strong>nec</strong></span> <span class='ocrx_word' id='word_1_244' title='bbox 803 3857 843 3913; x_wconf 90' lang='lat' dir='ltr'><strong>tu,</strong></span> <span class='ocrx_word' id='word_1_245' title='bbox 865 3845 986 3908; x_wconf 74' lang='lat' dir='ltr'><strong>scintille,</strong></span> <span class='ocrx_word' id='word_1_246' title='bbox 1006 3843 1128 3916; x_wconf 81' lang='lat' dir='ltr'><strong>fututor3</strong></span> <span class='ocrx_word' id='word_1_247' title='bbox 1173 3857 1178 3868; x_wconf 90' lang='lat'>·</span> 
     </span>
     <span class='ocr_line' id='line_1_41' title="bbox 448 3919 1056 3992; baseline 0 -19"><span class='ocrx_word' id='word_1_248' title='bbox 448 3919 536 3974; x_wconf 81' lang='lat' dir='ltr'><strong>Calda</strong></span> <span class='ocrx_word' id='word_1_249' title='bbox 554 3919 698 3974; x_wconf 76' lang='lat' dir='ltr'><strong>Vetustillae</strong></span> <span class='ocrx_word' id='word_1_250' title='bbox 716 3939 768 3976; x_wconf 90' lang='lat' dir='ltr'><strong>nec</strong></span> <span class='ocrx_word' id='word_1_251' title='bbox 786 3921 835 3976; x_wconf 89' lang='lat' dir='ltr'><strong>tibi</strong></span> <span class='ocrx_word' id='word_1_252' title='bbox 854 3921 940 3973; x_wconf 82' lang='lat' dir='ltr'><strong>bocca</strong></span> <span class='ocrx_word' id='word_1_253' title='bbox 959 3919 1056 3992; x_wconf 87' lang='lat' dir='ltr'><strong>placet.</strong></span> 
     </span>
    </p>

    <p class='ocr_par' dir='ltr' id='par_1_20' title="bbox 410 3992 1178 4142">
     <span class='ocr_line' id='line_1_42' title="bbox 410 3992 1178 4067; baseline -0.003 -17"><span class='ocrx_word' id='word_1_254' title='bbox 410 3995 452 4050; x_wconf 86' lang='lat' dir='ltr'><strong>Ex</strong></span> <span class='ocrx_word' id='word_1_255' title='bbox 472 3993 528 4049; x_wconf 88' lang='lat' dir='ltr'><strong>istis</strong></span> <span class='ocrx_word' id='word_1_256' title='bbox 548 3995 615 4049; x_wconf 91' lang='lat' dir='ltr'><strong>nibil</strong></span> <span class='ocrx_word' id='word_1_257' title='bbox 634 4013 672 4064; x_wconf 90' lang='lat' dir='ltr'><strong>es,</strong></span> <span class='ocrx_word' id='word_1_258' title='bbox 691 3994 789 4063; x_wconf 88' lang='lat' dir='ltr'><strong>fateor,</strong></span> <span class='ocrx_word' id='word_1_259' title='bbox 810 3995 935 4065; x_wconf 74' lang='lat' dir='ltr'><strong>Sextilia,</strong></span> <span class='ocrx_word' id='word_1_260' title='bbox 955 3993 1019 4067; x_wconf 81' lang='lat' dir='ltr'><strong>quid</strong></span> <span class='ocrx_word' id='word_1_261' title='bbox 1039 4011 1106 4067; x_wconf 78' lang='lat' dir='ltr'><strong>ergo</strong></span> <span class='ocrx_word' id='word_1_262' title='bbox 1127 3992 1178 4048; x_wconf 81' lang='lat' dir='ltr'><strong>aa?</strong></span> 
     </span>
     <span class='ocr_line' id='line_1_43' title="bbox 447 4069 1066 4142; baseline -0.003 -18"><span class='ocrx_word' id='word_1_263' title='bbox 447 4069 565 4142; x_wconf 68' lang='lat' dir='ltr'><strong>Nescio,</strong></span> <span class='ocrx_word' id='word_1_264' title='bbox 584 4071 632 4125; x_wconf 88' lang='lat' dir='ltr'><strong>sed</strong></span> <span class='ocrx_word' id='word_1_265' title='bbox 650 4081 679 4125; x_wconf 86' lang='lat' dir='ltr'><strong>tu</strong></span> <span class='ocrx_word' id='word_1_266' title='bbox 698 4071 749 4126; x_wconf 87' lang='lat' dir='ltr'><strong>scis</strong></span> <span class='ocrx_word' id='word_1_267' title='bbox 768 4089 814 4126; x_wconf 86' lang='lat' dir='ltr'><strong>res</strong></span> <span class='ocrx_word' id='word_1_268' title='bbox 832 4088 971 4142; x_wconf 87' lang='lat' dir='ltr'><strong>superesse</strong></span> <span class='ocrx_word' id='word_1_269' title='bbox 990 4070 1066 4123; x_wconf 86' lang='lat' dir='ltr'><strong>duas.</strong></span> 
     </span>
    </p>

    <p class='ocr_par' dir='ltr' id='par_1_21' title="bbox 612 4143 1401 4216">
     <span class='ocr_line' id='line_1_44' title="bbox 612 4143 1401 4216; baseline -0.001 -17"><span class='ocrx_word' id='word_1_270' title='bbox 612 4160 614 4168; x_wconf 72' lang='grc'>’</span> <span class='ocrx_word' id='word_1_271' title='bbox 894 4143 1158 4214; x_wconf 81' lang='lat' dir='ltr'><strong>Maar.ll,xxs1n,</strong></span> <span class='ocrx_word' id='word_1_272' title='bbox 1179 4144 1194 4199; x_wconf 79' lang='lat' dir='ltr'><strong>t</strong></span> <span class='ocrx_word' id='word_1_273' title='bbox 1215 4157 1293 4216; x_wconf 73' lang='lat' dir='ltr'><strong>sqsp</strong></span> <span class='ocrx_word' id='word_1_274' title='bbox 1398 4161 1401 4168; x_wconf 94' lang='lat'>·</span> 
     </span>
    </p>
   </div>
   <div class='ocr_carea' id='block_1_19' title="bbox 223 4233 1311 4320">
    <p class='ocr_par' dir='ltr' id='par_1_22' title="bbox 223 4233 1311 4320">
     <span class='ocr_line' id='line_1_45' title="bbox 223 4233 1311 4320; baseline 0 -24"><span class='ocrx_word' id='word_1_275' title='bbox 223 4235 361 4297; x_wconf 79' lang='lat' dir='ltr'>BUCCA</span> <span class='ocrx_word' id='word_1_276' title='bbox 382 4236 506 4298; x_wconf 83' lang='lat' dir='ltr'><strong>PURA.</strong></span> <span class='ocrx_word' id='word_1_277' title='bbox 530 4269 571 4281; x_wconf 88' lang='lat'><em>-</em></span> <span class='ocrx_word' id='word_1_278' title='bbox 590 4237 643 4298; x_wconf 62' lang='lat' dir='ltr'><strong>De*</strong></span> <span class='ocrx_word' id='word_1_279' title='bbox 662 4235 769 4318; x_wconf 86' lang='lat' dir='ltr'><strong>pueris</strong></span> <span class='ocrx_word' id='word_1_280' title='bbox 791 4249 822 4298; x_wconf 87' lang='lat' dir='ltr'><strong>et</strong></span> <span class='ocrx_word' id='word_1_281' title='bbox 842 4236 990 4320; x_wconf 90' lang='lat' dir='ltr'><strong>puellulis</strong></span> <span class='ocrx_word' id='word_1_282' title='bbox 1012 4235 1152 4310; x_wconf 86' lang='lat' dir='ltr'><strong>nondum</strong></span> <span class='ocrx_word' id='word_1_283' title='bbox 1173 4233 1311 4298; x_wconf 74' lang='lat' dir='ltr'><strong>fedatis.</strong></span> 
     </span>
    </p>
   </div>
   <div class='ocr_carea' id='block_1_20' title="bbox 222 4319 1288 4612">
    <p class='ocr_par' dir='ltr' id='par_1_23' title="bbox 410 4319 1078 4392">
     <span class='ocr_line' id='line_1_46' title="bbox 410 4319 1078 4392; baseline -0.001 -18"><span class='ocrx_word' id='word_1_284' title='bbox 410 4319 525 4389; x_wconf 84' lang='lat' dir='ltr'><strong>Coepisti</strong></span> <span class='ocrx_word' id='word_1_285' title='bbox 541 4336 635 4389; x_wconf 79' lang='lat' dir='ltr'><strong>puras</strong></span> <span class='ocrx_word' id='word_1_286' title='bbox 655 4320 752 4392; x_wconf 83' lang='lat' dir='ltr'><strong>opibus</strong></span> <span class='ocrx_word' id='word_1_287' title='bbox 770 4335 949 4391; x_wconf 86' lang='lat' dir='ltr'><strong>corrumpere</strong></span> <span class='ocrx_word' id='word_1_288' title='bbox 967 4319 1078 4373; x_wconf 84' lang='lat' dir='ltr'><strong>buccas.</strong></span> 
     </span>
    </p>

    <p class='ocr_par' dir='ltr' id='par_1_24' title="bbox 222 4393 1288 4612">
     <span class='ocr_line' id='line_1_47' title="bbox 449 4393 1063 4469; baseline 0 -21"><span class='ocrx_word' id='word_1_289' title='bbox 449 4393 497 4450; x_wconf 87' lang='lat' dir='ltr'><strong>Sic</strong></span> <span class='ocrx_word' id='word_1_290' title='bbox 516 4411 625 4469; x_wconf 83' lang='lat' dir='ltr'><strong>quoque</strong></span> <span class='ocrx_word' id='word_1_291' title='bbox 642 4413 700 4449; x_wconf 89' lang='lat' dir='ltr'><strong>non</strong></span> <span class='ocrx_word' id='word_1_292' title='bbox 717 4394 785 4451; x_wconf 84' lang='lat' dir='ltr'><strong>visit</strong></span> <span class='ocrx_word' id='word_1_293' title='bbox 803 4395 945 4451; x_wconf 79' lang='lat' dir='ltr'><strong>sollicitata</strong></span> <span class='ocrx_word' id='word_1_294' title='bbox 963 4397 1063 4449; x_wconf 81' lang='lat' dir='ltr'><strong>Venus.</strong></span> 
     </span>
     <span class='ocr_line' id='line_1_48' title="bbox 915 4469 1283 4543; baseline 0 -19"><span class='ocrx_word' id='word_1_295' title='bbox 915 4469 1073 4542; x_wconf 70' lang='lat' dir='ltr'><strong>Masclll,</strong></span> <span class='ocrx_word' id='word_1_296' title='bbox 1095 4485 1174 4543; x_wconf 77' lang='lat' dir='ltr'><strong>uxr,</strong></span> <span class='ocrx_word' id='word_1_297' title='bbox 1195 4469 1212 4524; x_wconf 83' lang='grc'>5</span> <span class='ocrx_word' id='word_1_298' title='bbox 1230 4471 1283 4542; x_wconf 80' lang='lat' dir='ltr'><strong>ssp&#39;</strong></span> 
     </span>
     <span class='ocr_line' id='line_1_49' title="bbox 222 4538 1288 4612; baseline 0.013 -11"><span class='ocrx_word' id='word_1_299' title='bbox 222 4539 392 4604; x_wconf 79' lang='lat' dir='ltr'>BUCCAM</span> <span class='ocrx_word' id='word_1_300' title='bbox 412 4538 682 4612; x_wconf 80' lang='lat' dir='ltr'>OFFENDERE.</span> <span class='ocrx_word' id='word_1_301' title='bbox 704 4577 746 4612; x_wconf 60' lang='grc' dir='ltr'><strong>-τ</strong></span> <span class='ocrx_word' id='word_1_302' title='bbox 766 4547 935 4610; x_wconf 79' lang='lat' dir='ltr'><strong>Irrumere.</strong></span> <span class='ocrx_word' id='word_1_303' title='bbox 1093 4554 1096 4559; x_wconf 83' lang='grc'><strong>’</strong></span> <span class='ocrx_word' id='word_1_304' title='bbox 1283 4577 1288 4592; x_wconf 86' lang='grc'><em>·</em></span> 
     </span>
    </p>
   </div>
   <div class='ocr_carea' id='block_1_21' title="bbox 0 0 1486 5040">
    <p class='ocr_par' dir='ltr' id='par_1_25' title="bbox 0 0 1486 5040">
     <span class='ocr_line' id='line_1_50' title="bbox 0 0 1486 5040; baseline 0 1"><span class='ocrx_word' id='word_1_305' title='bbox 0 0 1486 5040; x_wconf 95' lang='lat' dir='ltr'><strong> </strong></span> 
     </span>
    </p>
   </div>
  </div>
 </body>
</html>
