2962 5040
777 381 819 430 vt

339 557 419 628 Hoc
443 574 539 648 opus
563 573 641 626 non
665 553 763 645 leve,
798 551 943 626 erudite
967 553 1104 647 lector,
1137 574 1249 626 ausus
1272 577 1358 628 sum

240 671 431 762 inchoare,
457 680 493 742 et
516 666 758 766 peritioribus
782 669 890 741 trado
916 671 964 742 ab
987 666 1059 742 illis
1084 667 1358 740 emendandum
1459 744 1462 758 ¹

242 797 280 860 et
301 781 582 882 perficiendum.
630 784 689 858 En
712 782 829 878 igitur
852 772 978 878 accipe
1002 783 1120 858 libens
1144 785 1247 856 hunc
1279 783 1359 856 diu·
1463 857 1464 860 ,

240 901 346 976 turni
369 898 444 973 mei
466 897 604 972 laboris
629 901 822 991 fructum,
850 899 1100 972 Tnestunum
1117 923 1253 996 nempe
1267 923 1359 972 nno·

243 1040 373 1090 rreum
397 1014 534 1108 linguae
558 1011 702 1105 latinae,
727 1011 767 1087 in
792 1013 1040 1110 quoquidem,
1064 1013 1137 1088 nisi
1160 1013 1252 1088 tanti
1275 1039 1360 1087 rem

240 1128 418 1229 ponderis
443 1153 558 1200 manu
575 1129 671 1200 forte
690 1126 827 1225 impari
843 1128 1089 1222 tractaverim,
1115 1128 1241 1204 omnia
1260 1153 1359 1226 que
1463 1141 1464 1232 J

241 1270 404 1342 cumque
428 1244 529 1338 apud
553 1243 740 1316 Romanos
763 1266 830 1316 seu
856 1245 904 1316 ad
927 1243 1183 1340 theogonium,
1220 1269 1287 1320 seu
1311 1245 1359 1318 ad

240 1364 352 1458 leges,
379 1383 503 1431 mores
529 1368 565 1430 et
588 1357 682 1430 ritus
706 1359 909 1455 nuptiales,
945 1383 989 1432 ac
1012 1359 1095 1431 vitoe
1119 1385 1211 1456 usus
1243 1360 1395 1434 diver-1·
1463 1351 1464 1410 i

241 1500 320 1568 sos,
345 1473 501 1565 victum,
526 1472 717 1565 vestitum,
742 1475 1023 1571 voluptatesque
1048 1474 1252 1572 antiquitus
1275 1497 1361 1570 per·
1463 1463 1464 1550 l

239 1591 449 1681 tinuerunt,
487 1613 565 1662 uno
602 1586 709 1685 quasi
741 1589 916 1683 adspectu
950 1589 1099 1684 poteris}
1123 1613 1359 1685 percensere,

240 1707 450 1780 luculenter
471 1703 651 1800 explicata
669 1705 832 1776 duorum
851 1706 929 1777 lere
948 1701 1109 1775 millium
1126 1704 1361 1777 locutionum
1463 1689 1464 1692 ¹

152 1864 157 1874 ·
241 1819 567 1926 interpretatione,
599 1818 880 1916 innumerisque
905 1829 1103 1891 auctorum
1128 1817 1378 1922 exquisitissis

242 1961 394 2010 morum
432 1932 611 2030 exemplis
644 1934 825 2007 illustrata
859 1944 895 2007 et
920 1929 1172 2008 confirmata.
1191 1927 1362 2024 Subjun·

182 2131 186 2143 ⁸
242 2061 384 2148 guntur
408 2049 507 2124 facili
531 2075 631 2122 nexu
656 2047 873 2122 intertexta:
914 2053 949 2126 1⁰
973 2061 1095 2146 etyma
1118 2047 1204 2122 satis
1229 2025 1370 2141 multa,¹
1447 2079 1451 2086 ·

240 2163 377 2262 quibus
412 2165 464 2236 fit
482 2163 632 2274 plenior
661 2162 849 2237 vocabulis
883 2162 1121 2258 significatio;
1141 2135 1196 2240 2⁰
1219 2161 1362 2235 notitiae

241 2281 287 2354 de
310 2277 498 2375 plerisque
524 2279 671 2352 eroticis
703 2277 966 2373 scriptoribus,
1004 2302 1170 2374 quorum
1196 2276 1363 2354 carmina
1456 2275 1460 2282 ’

240 2394 351 2467 hodie
372 2393 646 2485 desiderantur3
669 2397 710 2472 3⁰
726 2397 849 2488 ampla
866 2393 1158 2500 proverbiorum
1177 2393 1223 2465 de
1236 2416 1362 2466 amore

241 2508 353 2583 series
389 2509 639 2606 arndeqttaque
675 2535 722 2582 ex
754 2521 922 2582 veterum
954 2507 1060 2581 libris
1085 2509 1235 2581 selecta.
1277 2531 1362 2606 quae

241 2635 378 2698 cuncta
402 2627 602 2721 quamdam
627 2623 696 2697 tibi
719 2622 916 2698 utilitatem
940 2649 1016 2697 una
1040 2648 1128 2696 oum
1151 2649 1261 2698 sensu
1284 2645 1364 2750 non

241 2734 389 2838 ingrato
416 2741 583 2814 adlatura
608 2763 733 2835 spero.

201 2861 207 2874 ’
339 2855 445 2925 Nunc
466 2867 543 2928 esto
564 2855 656 2926 mihi
675 2851 792 2946 judex
810 2856 1025 2946 benevolus,
1051 2852 1206 2926 candide
1223 2855 1363 2948 lector3

110 3059 115 3066 Ι
241 2960 308 3040 sed
343 2966 437 3038 illud
472 2967 662 3062 praecipue
695 2991 916 3072 persuasum
951 2969 1087 3038 habeas
1123 2964 1250 3058 velim,
1286 2969 1363 3041 hoc

241 3079 363 3172 libro,
400 3081 509 3152 unice
541 3081 664 3154 literas
697 3078 873 3184 adjurare
904 3078 1093 3153 inanimo
1118 3079 1229 3155 fuisse
1255 3081 1360 3177 mihi,
1444 3160 1449 3188 ι

243 3208 297 3288 et,
335 3195 493 3292 resputis
520 3219 669 3268 morum
693 3195 917 3278 innocentiae
942 3194 1180 3278 infestissimis
1205 3197 1370 3270 Meursii

244 3311 481 3407 aliorumque
508 3310 760 3384 recentiorum
793 3310 1097 3403 obscenitatibus,
1134 3310 1232 3384 inter
1263 3337 1359 3408 pree-

245 3413 519 3501 textata'verba
544 3437 641 3499 caste
666 3450 814 3523 semper
837 3425 1001 3501 scribere
1023 3437 1120 3500 caste
1140 3425 1359 3524 legentibus.
