2932 5052
467 441 471 455 ,
589 377 738 444 rouo
1155 384 1216 448 asa
1320 335 1322 343 ¹

187 538 400 608 circumferri.
451 543 724 610 Preambutabanr
752 543 914 629 tibicines,
945 557 978 610 et
1007 545 1220 632 sequebantur

186 637 335 690 matronae
356 627 472 692 lasciva
493 640 661 692 cantantes.
1198 635 1201 642 ’

259 713 367 776 Remea
392 711 557 794 quotannis
587 712 740 797 agebatur
761 710 863 775 Osiris
890 713 1005 776 festum
1032 731 1140 775 meuse
1166 733 1221 774 au-

187 805 298 876 gusto:
319 795 459 878 phallum
483 794 575 858 valde
597 797 800 859 mentulatum
822 798 983 878 gestabant
1003 809 1152 860 matronae
1166 816 1221 879 pa·

187 877 249 938 laur
278 889 309 940 et
340 899 411 942 cum
442 899 575 964 pompa,
607 881 701 964 ioque
722 881 823 942 aedem
844 881 979 948 Veneris
999 892 1087 943 extra
1108 881 1221 942 moenia

187 958 386 1026 deserebant.

259 1045 502 1110 Adhibebamur
523 1058 556 1108 et
575 1049 777 1126 meretrices3
810 1048 866 1109 scd
888 1049 920 1108 id
942 1067 1063 1112 eaerum
1084 1057 1222 1108 tractare

187 1129 304 1272 ceppini
336 1127 467 1212 licebat,
499 1149 559 1194 uec
586 1132 656 1194 sinu
685 1130 754 1193 deae
781 1129 959 1214 deponere,
993 1131 1052 1192 nisi
1072 1141 1222 1198 matronae

185 1231 230 1294 pu
255 1233 321 1275 icae.

255 1296 395 1352 Schemate
414 1317 469 1355 non
488 1297 588 1370 dubio,
608 1299 655 1354 red
673 1309 768 1372 aperte
787 1295 910 1353 nominat
928 1296 1014 1366 illuct,

293 1369 381 1446 Quam
401 1374 500 1450 recipit
518 1388 594 1433 sexto
612 1393 704 1431 mense
722 1374 842 1444 superba
860 1375 960 1427 Venus.

737 1450 830 1505 Manr-
849 1447 896 1517 tlt,
916 1466 1015 1518 uxum,
1037 1463 1051 1518 7
1071 1463 1111 1520 sq.
1189 1493 1192 1500 .

108 1517 331 1582 PUDlBlLlA.
356 1557 395 1569 -
416 1525 644 1586 Pudendorum
666 1525 817 1586 virorum.

229 1600 233 1608 ’
262 1605 318 1672 „td
338 1606 457 1664 bonores
476 1608 596 1684 reliquos
616 1608 754 1683 promovit
772 1603 1036 1664 commendatoeeibi
1052 1603 1225 1677 pudibilium

200 1678 386 1736 enormitate.“

770 1725 774 1740 x
790 1755 929 1812 Lanterna.
950 1738 984 1809 iri
995 1753 1150 1825 Heliugui.

108 1843 265 1990 PUD¹led
289 1846 436 1911 VIRGO.
458 1881 499 1896 ·-
521 1849 618 1932 Cujus
648 1869 741 1911 nemo
768 1847 952 1930 pudicitiam
983 1847 1152 1926 delibarit3
1180 1845 1228 1910 iu·

203 1949 238 1990 ac
253 1951 280 1990 a.

265 2012 376 2083 „iamne
402 2031 434 2070 ea
460 2014 513 2070 lert
541 2013 656 2088 lupun?
674 2047 711 2060 -
737 2017 805 2068 Tam
832 2030 849 2068 a
878 2032 920 2068 ure
935 2015 1043 2085 pudica
1061 2024 1120 2081 eat,
1149 2011 1228 2088 quari

200 2105 283 2144 rerer
301 2106 362 2144 urea
380 2089 430 2162 ait3
450 2090 502 2146 nisi
522 2091 552 2147 Si
571 2103 611 2146 eet
630 2092 778 2146 mentando
798 2089 936 2160 quippiam
955 2089 1147 2161 impudicior.“

691 2167 790 2220 Puaur.
811 2165 931 2219 Curcul.
953 2165 975 2234 l,
996 2185 1018 2230 r,
1038 2169 1074 2222 bc
1092 2182 1151 2239 sqq.

107 2251 267 2397 suuper
288 2209 507 2322 cranous.
530 2293 571 2306 -
593 2256 674 2354 Qua
704 2255 763 2321 son
790 2259 903 2320 marato
932 2256 1095 2320 incumbo.
1144 2249 1230 2322 Vide

218 2356 314 2400 ΒΟΒᾹ.

256 2421 292 2476 Et
312 2425 435 2493 quanvis
455 2427 549 2484 ltbaco
569 2436 713 2492 stertente,
731 2425 846 2494 pudica,
867 2425 970 2482 solebat

293 2495 351 2555 lllic
370 2501 505 2576 Penelope
523 2519 629 2573 semper
648 2501 750 2556 babere
770 2517 887 2558 manum.

778 2573 869 2629 Maur.
886 2575 935 2643 xl,
955 2593 997 2643 cr,
1021 2572 1053 2628 15
1074 2589 1114 2646 eq.

109 2621 292 2722 PUDICUS
313 2661 464 2726 TORUS.
497 2700 538 2714 -
570 2667 679 2730 Castus
709 2689 726 2728 a
756 2669 877 2748 spurcis
906 2665 1110 2746 libidinibus5
1140 2683 1230 2726 more

191 2764 388 2828 sponsorum.

332 2832 394 2886 n'ox
413 2851 469 2888 non
489 2833 584 2901 ebrie,
604 2835 653 2890 ced
671 2834 759 2890 soluta
778 2832 870 2898 carisa

332 2907 396 2962 Non
416 2907 499 2964 tristis
521 2917 621 2979 torar,
645 2921 672 2966 et
690 2922 780 2964 tamen
797 2909 929 2976 padicus.

678 3026 681 3034 ,
759 2983 853 3042 Maur.
874 2983 912 3050 X,
930 2999 1021 3050 xum,
1040 2998 1058 3055 9
1077 2997 1117 3054 aq.

106 3068 329 3140 PUDlClTlA.
352 3103 393 3118 ·-
413 3075 483 3136 Dea
504 3076 660 3154 castitatis,
683 3077 734 3139 cui
754 3078 864 3138 Romae
886 3075 950 3136 duo
971 3072 1060 3135 fana:

271 3162 298 3212 t⁰
315 3153 459 3218 Pudicitia
488 3167 620 3241 patriciu.
663 3161 761 3224 AEdee
791 3159 859 3242 ejus
890 3161 921 3219 in
952 3155 1027 3219 loro
1054 3156 1172 3221 boario'
1188 3155 1230 3220 ad

193 3237 357 3300 rotundam
379 3243 538 3306 Herculis.
591 3243 670 3307 Eam
702 3244 827 3327 ingredi
860 3263 922 3306 non
954 3239 1071 3304 licebat
1101 3241 1161 3303 uisi
1191 3241 1230 3304 iis

192 3320 245 3402 qui
267 3321 363 3384 semel
387 3327 571 3406 nupsissent.

268 3413 299 3464 a⁰
318 3406 460 3468 Purb'citia
477 3412 595 3492 plebeio.
638 3410 786 3475 AEdicula
807 3408 875 3492 ejus
895 3408 1017 3472 invice
1041 3408 1137 3488 longo
1155 3427 1230 3468 con·

194 3487 269 3563 dita,
290 3511 307 3550 a
329 3489 485 3576 Virgine,
506 3514 576 3575 quae
598 3495 736 3576 patriciis
758 3492 939 3574 parentibus
961 3504 1039 3567 orta,
1062 3493 1118 3554 scd
1137 3500 1232 3570 nupta

193 3570 333 3718 plebeio,
354 3577 451 3636 sacris
470 3583 604 3661 patriciae
624 3575 771 3640 Puadcitioe
798 3577 975 3640 arcebatur.
1022 3573 1104 3640 Vide
1124 3573 1230 3634 'litum

111 3687 115 3696 =
221 3677 327 3718 rurum.

259 3740 372 3812 Temple
392 3738 552 3800 Pudicitiae
570 3743 636 3816 quid
656 3762 724 3817 opus
744 3743 871 3798 statuisse
890 3742 996 3816 puellis,

299 3813 328 3869 Si
348 3815 433 3872 cuivis
452 3829 541 3892 nuptu
560 3819 691 3894 quidlibet
710 3838 767 3874 erae
786 3817 873 3873 licet?
987 3885 991 3898 .

753 3894 883 3950 Prorsus.
904 3891 940 3959 ll,
960 3912 1000 3959 rr,
1023 3889 1056 3946 25
1076 3910 1118 3965 eq.

110 3979 356 4044 PUDlClTlAbI
377 3985 584 4047 PELLERE.
608 4019 649 4032 -
671 3986 894 4067 Derirginare.
937 3983 985 4046 Ex
1008 3985 1082 4070 lege
1102 4005 1233 4052 romans

195 4063 311 4148 puellis
331 4066 491 4130 temeratis
513 4070 658 4132 alimenta
681 4069 878 4132 debebantur
900 4068 938 4130 ab
960 4069 1023 4130 illis

261 4165 332 4242 „Qui
352 4186 446 4224 aarum
463 4171 604 4239 pudorem
625 4171 856 4225 uerecundiamue
871 4168 1050 4240 pulsauerat

339 4244 373 4296 h.
391 4246 522 4311 pecuniae
540 4253 661 4310 rorlem,
674 4242 711 4312 ffi
733 4247 767 4298 de
787 4245 933 4298 alimentis
950 4243 1003 4296 uel·
1023 4243 1076 4298 cie.
1098 4243 1156 4315 leg.

206 4391 237 4446 P
264 4317 364 4448 „12:20
382 4320 427 4375 hie
445 4319 492 4374 ille
509 4330 559 4390 eat,
580 4320 627 4394 qui
646 4320 712 4376 ruibi
730 4321 761 4376 in
779 4321 921 4394 Epidauro
939 4317 1044 4391 primus
1060 4319 1233 4390 pudicitiam

123 4443 126 4450 .
237 4409 290 4448 eu
329 4431 337 4448 .

248 4411 269 4464 p
702 4467 799 4526 Paua.
817 4467 930 4540 Epidio.
950 4468 998 4533 tv,
1016 4476 1096 4537 1,,16
1114 4485 1156 4542 eq.

114 4557 275 4623 PUDOR.
295 4553 348 4608 ⁴-
383 4559 664 4645 Exquisitissimum
696 4571 912 4626 oruamentum
941 4561 1104 4644 utriusque
1131 4555 1250 4624 sexus(
