2962 5040
331 529 399 604 One
416 533 556 606 eonpien
573 531 629 592 riri
646 553 748 610 serpes
767 551 830 596 ense
847 551 967 609 corpore
984 535 1082 604 tnesis,

330 607 366 662 Et
383 618 458 664 tenet
474 609 605 665 muccis
621 611 779 670 benectsm
798 613 893 668 oecuie
911 613 1004 668 isbris.

849 687 969 744 Luceres.
990 687 1036 758 Ν,
1060 685 1128 758 ¹¹⁸7
1149 702 1189 759 eq.

232 752 273 818 eb
292 754 441 834 adsum

87 953 93 960 ι
140 856 618 924 momen-antinum.
650 893 693 910 -
719 861 840 924 Adanu
875 872 908 924 et
941 859 1075 922 adultera
1107 861 1266 940 dicuntur,

230 952 376 1024 tanquam
397 943 442 1002 ed
456 945 582 1005 alterurn
602 957 656 1008 act
675 947 800 1008 alterurn
819 965 854 1007 ee
875 943 1048 1006 conferent.
1072 943 1179 1028 (Fert.)

294 1021 376 1100 Quod
394 1025 458 1082 licet
476 1027 614 1102 ingratum
632 1039 691 1102 est,
710 1029 785 1104 quod
803 1047 859 1084 non
878 1029 940 1084 licet
958 1027 1048 1082 scrius
1067 1027 1130 1086 erit.

808 1102 891 1159 Oeen.
911 1108 1014 1159 Amor.
1035 1101 1068 1169 ll,
1087 1123 1143 1170 m,
1163 1105 1191 1162 ⁵.

301 1173 505 1243 Adulterarum
538 1197 658 1264 graves
685 1198 838 1242 aerumnas
871 1189 903 1242 et
937 1177 1127 1247 imminentia
1156 1181 1268 1246 dumne

229 1255 381 1321 describit
401 1261 570 1326 Horatius:

302 1342 354 1398 Hic
372 1360 401 1396 ee
419 1343 586 1416 precipitem
604 1355 677 1401 tecto
695 1345 783 1403 dedit:
803 1345 849 1401 ille
867 1343 978 1420 depellis

301 1416 342 1472 Ad
361 1429 476 1474 nonem
493 1437 590 1476 cesae:
612 1419 717 1494 fugiens
738 1421 783 1476 bie
802 1422 901 1478 decidit
920 1437 1012 1476 serem
1065 1465 1070 1476 .

303 1491 462 1548 Predonnrn
481 1491 510 1548 in
529 1494 654 1550 turbem:
673 1495 746 1552 dedit
765 1495 810 1552 bio
829 1513 881 1568 pro
900 1511 1018 1567 corpore
1039 1510 1176 1562 nummos,

294 1565 375 1622 Hunc
394 1567 600 1641 perminxerunt
619 1573 742 1626 calones:
763 1571 829 1642 quin
849 1570 928 1624 etism
947 1569 1016 1623 iliud

295 1643 410 1710 Accidit,
431 1653 462 1697 ut
480 1643 588 1699 euidens
607 1655 685 1702 testes
705 1647 872 1719 caedemque
892 1647 1007 1700 eelecenu

295 1715 455 1774 Demeter-et
473 1717 587 1775 ferrum.

811 1793 880 1850 bion.
901 1793 964 1848 Sot-
983 1791 1005 1864 1,
1026 1811 1062 1864 tt,
1085 1801 1116 1858 ts
1137 1809 1197 1868 sqq·

303 1939 362 1998 Nec
380 1960 482 1998 vereor
498 1961 546 2013 ne,
565 1945 630 1998 dum
649 1941 736 2003 intuo.
757 1944 801 2000 eir
820 1962 889 2000 rnre
908 1953 1044 2012 recurret,

303 2015 393 2071 lanne
413 2017 569 2090 irrogetur,
589 2020 671 2072 latret
690 2017 774 2087 cenis,
793 2020 914 2091 undique
934 2035 1033 2092 magno

306 2092 385 2147 Pulsa
404 2093 500 2148 domus
520 2093 636 2164 strepitu
655 2105 781 2164 resonet3
799 2096 842 2148 vel
862 2093 961 2166 pallide
981 2095 1052 2148 lecto

302 2165 419 2222 Desilist
437 2167 552 2239 mulien-3
574 2166 700 2223 miserem
720 2187 748 2224 ee
766 2169 875 2224 conscie
895 2171 1012 2235 clamen

302 2240 437 2297 Cres-ibus
457 2243 514 2298 herc
533 2255 642 2307 metuet,
662 2243 718 2299 doti
736 2245 886 2316 deprense3
905 2253 1010 2316 egomet
1029 2239 1079 2296 mi.
1112 2309 1115 2315 Ι

303 2313 445 2372 Discincts
464 2318 556 2374 tunice
576 2317 738 2392 fugiendum
758 2331 798 2374 eet
817 2337 850 2373 ec
869 2319 936 2388 pede
955 2317 1039 2380 nudo,

307 2389 349 2446 Νι
367 2392 471 2447 numeni
491 2405 614 2466 pensent,
634 2405 681 2449 eut
699 2412 781 2468 pyge,
801 2407 849 2449 eut
868 2394 984 2468 denique
1003 2391 1084 2448 ieme·

303 2464 446 2541 Deprendi
464 2467 593 2525 ωἰιιηιιιι
611 2479 669 2524 est.
681 2505 707 2522 ..

875 2542 948 2604 1101.
967 2541 1045 2596 Iurat
1067 2559 1117 2614 usp
1138 2555 1198 2616 sqq.

147 2615 183 2678 ln
205 2610 352 2678 meon
371 2637 472 2700 prenae
492 2630 526 2680 et
545 2616 705 2682 vindicte:

777 2735 785 2755 .
796 2738 821 2755 ..
832 2700 891 2756 Fiet
910 2699 1026 2755 adulter

305 2772 443 2843 Publicus,
462 2785 490 2830 et
508 2791 600 2848 panse
619 2785 721 2831 metuet
738 2791 923 2850 quaecuuque
941 2773 1034 2832 meriti

305 2849 373 2904 lreti
392 2851 507 2907 debent:
527 2869 578 2906 nec
597 2849 648 2904 erit
668 2850 775 2908 felicior
793 2860 868 2907 estro

304 2923 414 2992 Martie,
434 2937 464 2980 ut
481 2925 509 2980 in
529 2927 639 2998 laqueos
660 2943 800 2999 nunquam
818 2925 929 2982 incidet.
968 2920 1059 2996 Eripit
1077 2931 1168 2980 auten

304 2999 445 3055 Interdum
463 3001 511 3056 ilie
530 2999 611 3057 dolor
628 3001 690 3076 plus
709 3019 791 3076 quem
809 3001 852 3058 lex
873 3003 930 3058 alie
948 2997 1044 3068 dolori

306 3073 457 3136 Coneeseit'.

922 3150 986 3207 lor.
1006 3147 1045 3218 X,
1066 3146 1118 3202 tn
1140 3161 1201 3220 sqq.

308 3243 464 3326 L‘Pliiioe
486 3263 565 3327 quos
586 3241 870 3326 deprehendebant
896 3245 1110 3309 adederantes,
1135 3259 1198 3381 per
1219 3235 1275 3298 tri·

236 3323 335 3388 duum
356 3328 476 3390 vinctos
498 3328 581 3391 circa
605 3331 761 3392 civitatem
783 3325 958 3402 ducebant,
986 3345 1060 3387 mox
1081 3324 1114 3383 in
1152 3333 1277 3384 uturum

235 3409 497 3494 contemptibiles.
539 3412 690 3474 Mulieres
719 3431 797 3477 vero
821 3409 969 3472 αάιιᾱιναι
993 3405 1106 3471 diebus
1128 3404 1276 3466 undecim

236 3493 269 3564 iu
290 3491 364 3556 foro
378 3493 593 3594 ‘exponebant
614 3496 724 3558 itidem
744 3494 864 3560 vinctae
883 3506 916 3556 et
933 3506 1020 3557 veste
1036 3487 1201 3575 perlucide
1217 3486 1278 3550 cir·

236 3590 444 3646 eumvestrtas.
1138 3595 1142 3602 ·

310 3661 404 3745 Apud
425 3663 608 3750 AEgyptios,
640 3661 739 3744 virgis
771 3659 951 3726 cedebatur
979 3658 1094 3720 adulter
1120 3657 1162 3721 ad
1189 3657 1278 3720 mille

237 3743 363 3829 plagam
388 3751 513 3809 conseia
534 3767 613 3812 vero
634 3747 750 3808 mulier
768 3743 897 3806 naribus
918 3741 1176 3806 demutilabatur.

311 3844 509 3937 Quibusdam
528 3848 660 3929 antiquas
682 3847 812 3911 Greciae
834 3842 1027 3917 civitatibus,
1060 3843 1200 3907 moschus
1222 3841 1278 3904 de-

237 3924 411 4012 prehensus
440 3951 499 4015 per
530 3931 687 3994 civitatem
722 3927 959 4015 producebatur
991 3928 1060 3989 lana
1093 3939 1277 3990 *eoronatna

159 4011 775 4099 ·fflmfflmw

322 4111 498 4196 Saepissime
528 4115 748 4198 plectebantur
768 4115 894 4178 adulteri
914 4109 1151 4176 detruncatione
1180 4129 1279 4172 mem-

237 4193 389 4273 brorum,
432 4210 485 4260 aut
511 4200 704 4263 mutilatione
732 4199 905 4285 praesertim
933 4197 1054 4259 aurium
1082 4195 1280 4277 nariumque,

238 4290 274 4340 nt
301 4277 502 4348 deformitate
531 4281 675 4366 corporis
702 4285 794 4346 simui
822 4282 942 4346 crimen
965 4291 998 4342 et
1016 4278 1096 4342 ultio
1118 4277 1280 4344 denuntia·

237 4375 358 4432 rentur.
402 4365 455 4428 Sic
475 4366 631 4429 laceratus
651 4367 839 4452 Deiphobus
858 4365 990 4428 Helena
1009 4363 1142 4428 adulter:

312 4465 402 4540 Atque
420 4467 465 4524 hic
485 4467 650 4525 Priamiden·
663 4467 795 4528 isnistmu
814 4483 934 4540 corpore
952 4476 1011 4524 teto

312 4539 490 4620 Deiphobum
508 4544 586 4628 silit,
604 4545 727 4602 lacerum
743 4543 893 4604 crudeliter
910 4558 971 4614 ore,
