2932 5052
726 347 838 415 Vl'l'l

278 573 281 582 ‚
379 515 492 570 Vra-ora
509 531 566 572 non
585 533 661 571 eum:
679 523 706 568 et
725 516 748 570 el
766 532 836 578 enm.
855 529 911 572 noa
929 512 1028 570 elerum
1044 513 1110 569 milri

377 587 431 663 Qui
449 592 524 646 ultro
543 592 623 646 dent:
643 595 705 644 retae
724 589 829 664 integre
849 601 902 658 eat,
923 588 1016 644 forme
1033 590 1106 645 aetia.

643 666 789 735 Mamaea,
808 665 959 735 Dicor-tio,
978 666 1058 735 apud
1073 663 1150 722 Nea.
1170 663 1274 720 Mare.

225 736 462 804 VlRlPLACA.
487 775 527 786 -
548 741 617 800 Dea
638 741 872 802 matrimonialia
903 740 943 800 ed
970 757 1083 822 quam,
1114 741 1238 822 quoties
1264 740 1345 822 quid

308 822 404 906 jurgii
427 823 508 884 inter
530 824 630 886 virum
651 835 684 885 et
704 843 836 886 uxorem
853 825 1075 902 intervenerat,
1097 822 1163 886 ibat
1177 844 1257 885 uxor
1267 835 1347 885 tam-

308 925 402 988 quam
423 905 463 968 ad
484 905 656 990 relirgiuln.
699 908 795 968 Parte
816 929 890 987 sua,
912 906 1047 968 adeunte
1068 906 1155 984 viro,
1181 908 1350 990 pareaepis·

309 991 387 1054 aime
417 990 592 1053 concordes
621 990 872 1054 revertebantur.
920 991 1040 1050 Fanum
1075 991 1222 1071 Virtpluooe
1252 993 1349 1052 situm

308 1085 377 1135 arat
404 1073 435 1134 in
468 1071 589 1134 decima
618 1073 705 1138 urbia
738 1079 880 1157 regione.
922 1072 1007 1134 Vide
1036 1071 1108 1140 Val.
1137 1075 1218 1135 Max.
1238 1070 1283 1155 ll,
1316 1096 1349 1153 ¹3

305 1156 400 1220 Publ.
423 1157 519 1226 Vict..
540 1168 600 1218 etc.

223 1238 369 1308 VIRGO.
399 1273 440 1287 ·-
470 1237 685 1325 Quocumque
718 1238 846 1303 furmina
875 1239 1058 1322 viripotens.
1109 1238 1163 1302 stc
1196 1237 1345 1322 primitus

307 1323 392 1386 dicta
424 1345 440 1384 a
469 1323 621 1385 viridiore
651 1337 751 1387 aetate.
794 1327 882 1408 Ergo
916 1323 1021 1404 puella
1052 1343 1117 1408 quo
1145 1323 1249 1390 virum
1275 1343 1368 1385 non-

307 1407 411 1470 adhuc
433 1407 522 1468 l'crre
545 1418 655 1487 potest,
677 1429 739 1468 non
764 1413 842 1484 ra'rgo
865 1407 930 1470 dici
949 1419 1061 1488 potest.

380 1492 495 1553 Contra
526 1497 604 1566 uirgo
635 1491 888 1574 nuncupabatur,
930 1487 1057 1552 faemina
1093 1488 1189 1553 aetatis
1219 1485 1349 1551 floridae

267 1572 279 1590 ’
306 1573 534 1716 etiamdpppta:
558 1576 603 1635 sic
613 1574 766 1658 Virgilius
789 1575 829 1636 de
850 1571 992 1656 Pasiphae
1014 1574 1164 1658 quaejam
1186 1585 1251 1636 tres
1271 1593 1347 1656 par·

305 1669 355 1722 tus
377 1678 395 1718 e
420 1681 428 1718 1
454 1669 539 1718 erat:
890 1711 893 1718 l

370 1739 429 1798 ah!
450 1742 540 1812 virgo
561 1739 668 1810 infelix,
688 1759 746 1816 qne
765 1750 793 1796 te
811 1737 944 1797 dementia
964 1737 1053 1811 cepit!

985 1817 1090 1887 Βοῖος.
1112 1815 1163 1888 Vl,
1184 1821 1231 1887 ly.

377 1891 420 1952 Er
442 1889 530 1952 divus
549 1890 757 1970 Augustinus:
1246 1889 1257 1906 ”

371 1973 472 2044 „Lndia
492 1974 652 2046 turpissimis
671 1973 838 2030 delectamur
858 1971 904 2046 qui
923 1971 974 2027 diie
994 1973 1150 2046 deabusque
1179 1973 1343 2030 exhibeban-

314 2059 370 2120 tur,
389 2048 539 2122 celantique
558 2049 670 2120 oirgr'm'
688 2049 875 2124 Berecynthia
893 2050 989 2103 matri
1004 2049 1125 2177 (Ιὸοηῗ
1139 2049 1291 2178 οηιίιιίυπι.“

282 2129 284 2134 “
1033 2125 1072 2176 ιὐ.
1126 2125 1162 2188 ei,
1209 2163 1218 2192 ,
1240 2134 1267 2186 a.

222 2195 368 2261 VIRGO.
393 2198 520 2257 —Pro
542 2197 796 2260 venerisinscio.
838 2197 1015 2260 Dicebatur
1035 2199 1128 2260 etiam
1151 2198 1192 2260 de
1215 2197 1294 2262 viria.

247 2291 249 2294 '
371 2280 529 2352 Concordes
547 2281 639 2334 animo
658 2292 732 2339 caeto
751 2277 892 2338 socientur
909 2297 1014 2344 amore,

412 2358 508 2426 Virgo
526 2373 595 2427 puer
612 2355 733 2423 Christi,
752 2359 842 2426 virgo
861 2359 950 2428 puella
970 2354 1032 2412 Dei.

611 2431 716 2485 Paucae
744 2433 775 2486 in
795 2432 974 2494 Epictetum.
997 2429 1116 2484 Jatr'mt
1134 2437 1162 2485 et
1174 2429 1267 2484 Titioe.

171 2575 172 2583 ἵ
222 2499 438 2568 VIRGINAL.
462 2535 502 2550 -·
524 2506 713 2568 Pudendurn
736 2507 901 2567 rrrtrliebre.
945 2499 1028 2568 Vsde
1051 2507 1145 2586 Apul.
1172 2511 1201 2564 in
1221 2505 1346 2588 Apolog.

264 2655 269 2664 Ι
307 2597 340 2647 et
360 2590 492 2670 August.
514 2588 550 2650 de
570 2591 690 2651 Ciuitate
711 2587 779 2662 Dei,
802 2587 881 2652 Vlll.
922 2589 1096 2664 Prudentio
1115 2591 1237 2663 virginal
1253 2590 1345 2650 locus

306 2682 375 2815 eplat
396 2691 459 2754 quo
481 2673 618 2756 virgines
638 2673 844 2737 versabantur
851 2696 862 2751 3
892 2674 976 2735 unde
999 2673 1183 2754 metaphora
1204 2672 1245 2733 de
1268 2673 1345 2735 loco

307 2775 325 2814 a
370 2775 449 2815 rem.

373 2839 519 2920 „lutacium
540 2841 574 2896 ab
594 2839 667 2896 omni
688 2840 801 2896 crimine
820 2839 985 2911 virginal.“

369 2913 372 2922 '
706 2917 843 2973 Paunnar.
864 2915 941 2970 Peri
959 2915 1126 2984 stephanon,
1145 2914 1219 2983 xlv,
1239 2914 1268 2969 8.

221 3002 488 3074 vffltttoluttsls
510 3008 609 3068 Dea,
633 3042 674 3057 -
692 3009 800 3073 Venus
822 3011 898 3089 ipsa.
942 3009 1079 3070 Juvenes
1107 3006 1207 3084 enim,
1247 3008 1350 3092 virgi·

304 3109 423 3171 aesque
445 3111 478 3161 se
500 3089 560 3150 sub
582 3091 716 3155 Veneris
736 3090 870 3172 imperio
892 3089 1141 3168 arbitrabantur3
1174 3111 1263 3152 sacra
1288 3091 1350 3152 ita·

306 3191 368 3252 que
392 3174 421 3233 ei
446 3172 726 3246 concelebrabunt,
757 3187 793 3235 ut
823 3194 929 3235 amore
952 3194 1009 3234 suo
1032 3173 1217 3254 potirentur.
1263 3175 1349 3235 Aliis

307 3255 390 3315 (licta
418 3268 465 3316 est
486 3253 620 3316 Fortuna
644 3259 802 3332 virginultm
832 3258 884 3319 cni
912 3257 1013 3318 aedem
1040 3259 1191 3320 exstruxit
1212 3256 1349 3321 Servius

306 3338 429 3400 Tullius
452 3339 535 3420 apud
555 3353 677 3420 portam
700 3343 866 3421 Capenam.

378 3423 553 3492 „Puellarum
572 3425 680 3496 togulae
700 3425 863 3479 Fortunam
883 3423 992 3479 desertis
1012 3423 1047 3479 erl
1065 3422 1273 3494 virginalem.“

908 3501 1014 3554 Antron.
1034 3502 1107 3551 Ado.
1129 3499 1211 3552 Gerre.
1232 3497 1265 3550 ll.

378 3570 463 3632 Vide
484 3573 565 3632 Rom
587 3570 755 3654 triumpbl,
779 3585 810 3634 et
821 3576 984 3658 Augustin.
1006 3574 1041 3634 dc
1056 3575 1138 3635 Coit.
1152 3575 1219 3642 Dei,
1233 3569 1291 3650 Vl,
1312 3592 1346 3657 9.

221 3650 424 3716 VIRGULA.
446 3688 487 3698 -
508 3657 572 3715 Pro
595 3676 685 3736 pene,
1073 3671 1078 3684 ¹

369 3736 457 3807 Virgo
477 3739 630 3807 virgulam
649 3751 722 3793 emat
740 3739 832 3812 rigens
852 3741 994 3814 rigentem,

369 3811 491 3867 Mentem
510 3816 619 3886 explere
638 3832 713 3867 auam
735 3826 829 3888 nequit
848 3819 947 3887 puella.
1029 3842 1032 3847 ·

559 3889 610 3941 Ee·
634 3891 931 3958 Virgila'ocentonibua
950 3892 986 3944 ab
1006 3895 1123 3943 auctore
1142 3889 1267 3942 incerto.

219 3957 409 4026 VISCERA.
433 3995 474 4008 -
494 3963 559 4022 Pro
580 3965 854 4026 utero'foemineo.
897 3965 980 4025 Hinc
999 3964 1082 4046 apud
1101 3961 1350 4048 jurisconsultos

303 4045 448 4104 visceribus
476 4051 530 4104 uim
557 4045 680 4124 inferre,
709 4060 757 4109 est
785 4060 909 4130 partum
940 4047 1080 4130 abigere.
1122 4045 1207 4113 Vide
1227 4045 1346 4120 Digest.

302 4123 452 4200 XLVIII,
470 4151 541 4205 van,
563 4132 593 4192 8.
865 4132 871 4142 ’

219 4208 336 4274 Vl'l'lO
359 4213 573 4274 Parem-
595 4209 644 4274 Ab
667 4213 767 4277 altera
798 4214 924 4296 genitor
953 4232 1046 4294 quam
1067 4211 1195 4294 propria
1216 4230 1349 4290 uxor03

303 4293 467 4356 dicebatur
488 4295 527 4355 de
549 4297 612 4356 illia
635 4298 688 4378 qui
712 4319 790 4379 vaga
814 4317 930 4360 venere
952 4317 1069 4378 pueros
1093 4294 1274 4378 suscipiunt.

351 4392 354 4400 ¹
427 4377 499 4432 Huic
519 4396 625 4452 semper
643 4381 715 4434 vitio
731 4379 921 4451 pateriuieti.
979 4413 982 4419 -
1045 4419 1048 4429 .

897 4455 990 4511 Maur.
1010 4453 1072 4522 Xll,
1092 4470 1161 4522 arra,
1184 4469 1229 4512 ro.

376 4522 429 4586 Sic
450 4526 579 4592 Plautus
600 4529 693 4592 simili
714 4529 893 4594 locutione:
