2962 5040
223 365 268 428 to
499 325 504 334 ’
710 359 858 438 ,anau

335 526 736 603 ,Incipin'odnlesaentarire,
755 537 784 582 at
800 524 894 582 nuria
912 525 979 600 quid
998 535 1135 601 nugam·
1152 527 1262 602 agera!
1326 545 1330 553 ·

797 603 938 660 Pansam
956 605 1036 686 apud
1050 602 1149 660 Nona.
1169 603 1271 660 Mare.

223 690 394 756 ADONlS.
416 728 457 742 -
477 695 578 756 Filius
607 695 757 775 cynarae,
787 696 875 778 regis
904 695 1106 776 Cypriorum
1135 709 1236 759 matre
1268 717 1345 762 vero

305 777 451 858 Myrrha,
478 780 607 860 propria
628 780 757 858 Cynarae
777 777 853 840 iilia.
906 779 1063 840 Adonidem
1083 783 1192 846 Venus
1213 783 1244 842 in
1267 782 1348 844 dcli-

307 861 364 924 eiis
385 861 506 923 habuit.
550 863 630 938 Hic,
651 863 755 943 primo
777 863 883 924 aetatis
895 859 996 938 llore,
1020 864 1094 925 dum
1115 865 1147 924 in
1168 864 1268 926 idalio
1290 887 1345 928 ne·

304 965 394 1007 more
415 958 566 1022 venatur,
601 947 669 1028 apri
701 945 795 1008 dente
824 946 883 1007 sub
913 947 1041 1027 inguine
1063 966 1231 1028 percussus
1253 950 1346 1010 mori-

302 1037 373 1104 tur,
403 1041 435 1090 et
456 1051 474 1090 a
494 1029 622 1096 Venere
644 1030 711 1111 ipsa
731 1029 763 1090 in
784 1027 899 1092 florem
920 1031 1098 1110 Adoniuut,
1129 1033 1186 1116 qui
1206 1044 1254 1094 est
1272 1053 1343 1096 eau-

305 1112 421 1198 guineo
443 1112 564 1185 colore,
587 1111 826 1175 transformatus
848 1127 904 1174 est.

376 1195 494 1257 Dicunt
516 1195 569 1258 alii
600 1197 632 1258 in
663 1192 781 1260 flumen
812 1198 966 1260 cecidisse
987 1195 1163 1270 Adoreidem,
1195 1195 1271 1265 dum
1291 1218 1346 1266 ve·

302 1291 456 1424 nustatelm
476 1300 564 1342 suam
585 1281 864 1364 contemplaretur.
1010 1273 1014 1282 ¹

378 1365 411 1424 ln
436 1384 473 1425 e:
573 1402 577 1409 ·

218 1444 548 1512 monle-Fene
570 1447 707 1514 Veneria
727 1447 907 1510 Adonidem
927 1448 1118 1531 plangentis,
1138 1451 1221 1529 apud
1243 1452 1342 1530 Grae-

303 1547 359 1591 cos
380 1529 599 1594 celeberrima.
622 1531 784 1612 (ammian
805 1532 874 1593 hist.
895 1533 918 1593 l.
941 1533 1009 1612 ae.)
1036 1532 1112 1594 vid.
1133 1536 1344 1616 Hieronymus

301 1611 335 1674 iu
355 1613 561 1677 Ezechielem
583 1614 633 1676 his
654 1615 781 1678 verbis:

366 1698 455 1768 „Eum
472 1699 512 1754 ibi
535 1698 660 1754 mulieres
679 1699 809 1754 sedebant
828 1699 987 1770 plangentes
1006 1699 1194 1754 Adustum!

374 1773 627 1836 celebrabantur
636 1775 751 1836 Adoreo
771 1794 878 1836 mense
891 1775 989 1856 Julio,
1012 1795 1075 1858 quo
1090 1774 1212 1838 Adonis
1233 1773 1266 1836 iu
1284 1770 1345 1836 llu-

299 1855 385 1918 vium
406 1857 558 1920 cecidisse
581 1857 756 1922 dicebatur.

216 1955 437 2102 ADORAbI'ffi
459 1993 500 2007 -
522 1962 609 2023 Deos
642 1958 786 2020 morundi
814 1958 910 2022 ritum
938 1960 1075 2044 explicat
1105 1959 1259 2044 Apuleius
1286 1956 1337 2022 lais

300 2061 358 2107 ver
381 2061 424 2102 ts:
1278 2103 1282 2108 .

375 2125 524 2194 „lnaeessaa
551 2124 727 2182 formositatis
753 2125 934 2182 admiratione
960 2127 1076 2200 stupidi,
1114 2138 1142 2183 et
1167 2128 1341 2187 admoventes

310 2199 407 2256 oribus
426 2201 480 2256 auia
500 2203 655 2269 dexteram,
682 2201 798 2276 primori
824 2201 909 2274 digito
937 2203 967 2257 in
991 2214 1112 2258 erectum
1130 2205 1256 2276 pollicem
1274 2203 1343 2270 resi·

310 2276 400 2341 dente,
422 2287 451 2330 ut
470 2276 557 2348 ipsam
575 2295 690 2351 prorsus
717 2276 796 2332 deam
814 2277 965 2348 Venerem,
993 2278 1128 2352 religiosis
1152 2279 1345 2348 nummum

310 2350 538 2413 venerabantur.“

936 2429 1036 2490 Aren.
1058 2434 1088 2488 iu
1107 2428 1258 2510 Apologus.

300 2529 372 2590 Han
402 2525 507 2590 forma
537 2527 718 2590 translative
748 2525 916 2589 utebantur
947 2528 1126 2592 adulatores
1156 2526 1345 2612 proceribus

8 2595 9 2612 ἶ
98 2673 109 2688 ,
213 2603 556 2689 ”οΙ)νίἰ;·ηοοιιοιι
579 2611 686 2674 amasii
707 2631 784 2694 erga
806 2615 946 2695 laminas,¹
963 2632 1045 2674 nunc
1066 2611 1171 2676 adhuc
1191 2611 1279 2676 basia
1300 2611 1345 2678 di·¹
1429 2626 1433 2634 '

301 2698 375 2780 gitis
396 2697 548 2778 impressa
570 2696 608 2758 ad
632 2695 777 2757 amasiam
800 2694 965 2777 jaciuntur.

219 2795 439 2866 ADOR'ARE.
462 2830 504 2880 ς-
526 2797 626 2874 Sensu
648 2817 796 2868 venereo,
819 2795 1023 2859 vehementer
1047 2815 1162 2858 amare.

301 2879 304 2885 ’
387 2881 477 2951 „lmo,
497 2879 609 2952 inquam
628 2897 697 2953 ego,
718 2899 768 2952 per
787 2879 903 2936 formam
923 2893 997 2934 tuam
1017 2891 1044 2934 te
1062 2897 1148 2951 rogo,
1168 2895 1202 2934 ne
1221 2875 1342 2942 fastidias

311 2957 449 3012 bominem
468 2955 645 3030 peragrinum
665 2956 737 3008 inter
756 2958 877 3010 cultores
896 2956 1047 3014 admittere.
1087 2953 1212 3010 Invenies
1231 2951 1343 3026 religio·

310 3049 379 3100 suna,
400 3031 422 3085 si
442 3041 469 3083 te
487 3030 614 3083 adorari
630 3030 795 3101 permiseris.

135 3185 142 3196 '
217 3177 456 3243 ADSECTtItt
474 3179 706 3238 MULOEREM.
731 3213 770 3224 —
794 3175 936 3240 Verbum
960 3176 1047 3257 juris.

374 3262 469 3334 „Aliud
488 3269 528 3315 eat
546 3263 685 3333 appellare
705 3269 872 3322 (matronam
892 3260 994 3320 scilicet
1013 3272 1060 3314 aut
1075 3261 1243 3335 virginem),
1262 3259 1339 3319 alind

308 3338 463 3391 adtestari.
496 3338 640 3407 Appellare
658 3348 707 3399 est,
727 3339 827 3393 blenda
846 3337 972 3392 oratione
991 3334 1103 3390 alterius
1122 3337 1281 3407 pudicitiam
1301 3346 1342 3390 at·
1404 3371 1405 3376 =

1061 3103 1180 3160 Parnon.
1200 3101 1263 3156 Sat.

309 3423 430 3482 tentare3
465 3414 634 3466 adsectator
660 3412 706 3483 qui
735 3414 834 3468 tacitus
863 3412 1021 3482 frequenter
1046 3411 1177 3483 sequitur·
1222 3411 1341 3484 Adsidue
1422 3482 1425 3488 Ι

308 3487 381 3546 enim
399 3488 556 3544 adsentatio
574 3485 654 3559 quasi
673 3489 775 3560 prebet
794 3489 954 3544 nonnullam
970 3485 1135 3546 infamiam.“

514 3561 621 3616 Uariam
650 3563 669 3614 l.
694 3565 738 3632 1⁵,
757 3565 791 3618 ale
812 3561 943 3632 Injurit's
962 3570 989 3616 et
1001 3561 1131 3628 furnesia
1151 3559 1265 3628 libellis.

361 3654 450 3717 Idem
470 3667 559 3718 sonat
581 3675 618 3716 ac
639 3662 764 3722 sectam
784 3656 842 3718 sed
863 3655 981 3750 hicuan
1004 3666 1107 3738 auget.

423 3812 526 3868 Desine
544 3748 1093 3872 matronesqsbblbbibiapuoeddbeibbdiiu

426 3888 489 3942 Plus
508 3888 621 3944 haurire
638 3890 702 3944 mali
722 3901 773 3958 est,
793 3907 874 3964 quam
895 3908 926 3944 ex
946 3906 976 3942 re
996 3888 1144 3960 decerpere
1163 3883 1276 3938 innotus.

343 4009 351 4016 -
872 3962 1126 4029 Hon·Sat.1,n,
1149 3973 1262 4030 ppsqq.
1374 3965 1377 3982 '

215 4032 464 4099 ADSESTfflx.
488 4071 529 4085 -
560 4037 686 4100 Ancilla
707 4058 776 4119 quae
798 4031 965 4120 puerperae
988 4036 1162 4109 assidebat,
1194 4028 1338 4093 subsidio

298 4120 471 4184 obstetrici.
502 4123 650 4182 Matulam
666 4121 820 4204 portabat,
840 4121 988 4184 fasciolas
1002 4119 1148 4203 plicabat,
1171 4113 1339 4178 calefacie-
1371 4139 1372 4144 ¹

298 4202 354 4266 hat
381 4204 492 4267 lintea.
520 4203 632 4285 (cujac.
662 4205 706 4266 od
729 4208 782 4279 teg.
799 4206 996 4276 ccxxxvt,
1017 4203 1053 4264 de
1080 4201 1234 4263 Verborum
1252 4203 1339 4276 ss'gut'·¹

293 4284 400 4370 ficato·
421 4290 538 4350 Hieron.
558 4289 702 4370 eptenlll,
725 4307 763 4374 93
786 4291 903 4368 Pignor,
924 4287 961 4349 de
980 4288 1059 4348 Sere.
1081 4283 1159 4366 etc.)

371 4367 507 4442 „Dimittit
525 4372 723 4440 adesses-icem,
744 4390 787 4428 sne
805 4373 897 4437 adesse
916 4371 1025 4427 voeat.“
1107 4427 1119 4446 ι

794 4449 945 4518 lemarus,
961 4445 1041 4518 apud
1057 4442 1136 4500 Non.
1157 4439 1262 4502 Mos-c.¹
1310 4453 1315 4463 ’

215 4532 412 4601 ADSUCTA
432 4537 589 4604 LABRA.
609 4571 652 4588 -··
671 4540 809 4606 Humida
829 4542 990 4626 voluptate
1010 4551 1063 4609 eut
1082 4536 1241 4621 cupidine·
