2932 5052
602 341 747 404 PUER
1177 350 1241 412 tte

281 505 396 578 „tettan
411 505 515 564 Medea
532 507 687 580 pernitiose
704 519 736 564 ut
753 524 783 565 ee
801 509 843 565 rel
861 507 954 568 nnn
972 511 1144 586 deveheret,
1162 513 1240 572 dum·

213 582 295 640 modo
313 583 440 640 redderet
454 583 611 654 paetum

591 661 679 718 Vter.
700 655 833 726 Marcie.
855 661 940 728 apud.
960 659 1037 714 Non.
1059 661 1163 718 Marc.

270 729 414 809 Quumque
433 731 479 790 hie
496 744 550 788 tem
569 732 707 790 lermoeue
725 736 826 800 borno,
848 750 880 790 eo
899 747 925 788 te
944 735 1036 808 dignu'
1054 729 1175 803 duellae.
1240 781 1243 790 .

774 809 875 862 Lucre.
894 809 989 880 Frag.
1012 812 1057 882 lv,
1079 830 1123 868 et.

268 919 397 937 ..........
408 892 437 937 et
454 892 540 938 necte
561 893 622 955 poet
640 894 704 937 eunt
722 893 812 938 temen
831 883 902 938 unde
920 885 1032 954 puellos

267 955 425 1030 Semipere,
444 966 572 1032 coprem
590 967 700 1032 portent
719 959 850 1014 diteeeere
870 960 953 1016 dulei.
1100 948 1103 962 '

687 1033 808 1090 Lernen.
823 1033 874 1104 JV,
895 1053 965 1090 vere.
988 1036 1059 1102 tati
1078 1053 1121 1110 eq.

108 1115 275 1186 PUERAE.
296 1157 340 1169 -
360 1125 426 1186 Pro
445 1125 561 1207 puelle.

265 1207 430 1279 „Properate
455 1209 567 1276 vivere,
589 1224 707 1277 perra,
734 1225 801 1282 qnae
828 1191 893 1268 eluit
911 1210 1017 1278 atriola
1035 1211 1146 1284 ludere,
1166 1229 1232 1287 eree,

129 1321 134 1328 -
205 1297 316 1353 emm,
337 1294 364 1340 et
382 1283 496 1340 Venerit
515 1294 607 1340 tenere
626 1281 728 1358 δίειπέ(

766 1359 855 1416 vern:
870 1361 949 1430 apud
966 1359 1033 1415 Non
1052 1359 1156 1420 Mare.

267 1449 351 1516 Vide
373 1449 502 1514 Sueten.
524 1451 647 1526 Caligul.
674 1451 765 1513 108.-

107 1546 234 1612 PUER.
256 1581 299 1595 -
320 1553 419 1622 Παῖς.
461 1553 699 1629 Ueitatieeimns‚
721 1561 756 1612 ut
775 1570 869 1613 nemo
891 1552 1006 1631 nescit,
1024 1573 1177 1635 puerorum
1198 1555 1231 1618 in

192 1652 341 1696 venerem
364 1657 437 1697 usus
460 1635 542 1718 apud
565 1637 717 1720 antiquae.
761 1633 845 1702 Vide
866 1635 996 1699 Arnum
1016 1657 1135 1718 venus,
1164 1637 1230 1703 Or-

189 1737 300 1781 ntctunt
319 1741 464 1797 runnmu,
486 1731 546 1781 etc.

314 1838 319 1847 ·
368 1802 414 1856 Sic
434 1800 479 1856 uni
500 1803 549 1858 tibi
569 1801 603 1856 eit
620 1819 698 1872 puer
716 1801 845 1873 cinaedue,

366 1877 403 1933 Et
421 1877 569 1934 ceetieeime
587 1878 697 1953 pruriet
715 1879 814 1953 puelle.

412 1977 415 1987 ·
771 1953 865 2009 Mem.
885 1953 935 2022 tx,
954 1969 999 2022 xc,
1022 1969 1035 2023 γ
1056 1969 1096 2027 eq.

269 2045 354 2106 lntre
376 2043 542 2126 septimum
564 2067 676 2108 annum
697 2043 965 2129 prostituebantur
984 2047 1075 2126 pueri
1093 2055 1125 2106 et
1140 2057 1230 2109 erant

186 2126 219 2186 in
241 2127 476 2210 commercium,
499 2129 586 2210 qnod
608 2127 811 2212 mangonibus
832 2127 996 2210 prohibuit
1017 2129 1226 2211 Domitianue‚

187 2228 309 2271 necnon
330 2213 486 2296 spadones
507 2211 598 2294 lieri,
616 2212 755 2278 infanda
777 2210 915 2276 libidinis
938 2212 1161 2276 diverticulum
1181 2213 1228 2274 in·

186 2305 313 2357 ventum
336 2318 353 2358 a
375 2295 553 2358 lenonibus.

250 2377 322 2444 Tibi,
340 2397 443 2434 tumme
462 2379 552 2434 Rheni
571 2376 692 2435 domitor
710 2388 737 2432 et
754 2391 854 2450 perone
874 2378 959 2448 orbie‚

251 2451 351 2509 Pudice
369 2454 507 2528 princepe,
527 2456 630 2528 gretie·
650 2463 735 2526 agunt
755 2452 845 2507 arbee.

250 2595 313 2656 Non
330 2619 404 2669 puer
423 2603 500 2657 everi
520 2615 606 2659 teetue
627 2612 686 2682 erte
705 2600 846 2674 mengonie

249 2675 391 2731 virilitatis
411 2678 510 2732 demna
531 2686 625 2732 maret
643 2687 758 2747 erepte3

249 2749 307 2807 Nec
326 2769 408 2824 quem
428 2753 560 2825 euperbue
580 2741 838 2824 computet¹etipem
856 2749 928 2820 lonc,

249 2823 306 2881 Det
325 2827 473 2900 proetitnto
492 2827 591 2884 mirere
610 2838 697 2882 meter
714 2825 822 2885 infanti.

767 2899 860 2956 tune.
879 2898 930 2969 lX,
951 2917 992 2968 tt,
1017 2917 1028 2954 ι
1050 2915 1108 2976 eqq.

253 2993 350 3056 Coma
369 2999 464 3077 paen's
484 2991 690 3058 nutriebatur.

283 3076 353 3132 dudi
373 3096 452 3151 quern
468 3095 602 3150 parram,
620 3078 728 3144 Pluere,
748 3092 851 3152 rogere
870 3074 960 3131 velim.

245 3225 363 3282 Lumine
381 3227 514 3285 nidoribus
534 3236 655 3298 certent3
674 3227 824 3297 mollesque
846 3227 983 3300 flagettent
1076 3257 1081 3274 ι

281 3301 361 3358 Colle
379 3321 470 3360 eone.
491 3306 590 3360 Tortee
609 3321 667 3359 non
685 3317 765 3365 emo,
785 3301 897 3370 Flaoee,
917 3316 1018 3356 comae.

728 3373 823 3429 Mene.
844 3375 890 3445 IV,
909 3393 982 3444 nnn,
1004 3391 1017 3426 e
1038 3389 1099 3446 eqq.
1121 3373 1133 3390 '⁴

158 3497 162 3505 Δ
249 3467 316 3532 Sed
338 3481 500 3551 postquam
521 3467 659 3551 puberes
681 3477 772 3528 aetate
792 3464 879 3543 facti,
902 3478 955 3530 aut
971 3481 1067 3550 quum
1083 3482 1217 3526 uxorem

176 3550 310 3614 duceret
332 3551 485 3632 dominus,
507 3551 736 3629 tondebantur,
767 3551 800 3609 in
828 3555 952 3634 signum
981 3546 1168 3612 dimissionis
1197 3568 1216 3608 e

174 3634 345 3698 libidinoso
368 3633 488 3698 officio.

277 3719 413 3776 Tondebit
428 3733 539 3788 puerve
557 3717 614 3788 jem
631 3732 703 3773 neve
722 3725 930 3846 ruffilrwffi
961 3804 1044 3842 mn
1075 3793 1090 3848 4

860 3827 868 3843 ι
931 3825 940 3856 2
1045 3826 1054 3854 ⁹
1093 3824 1100 3839 ⁸

247 3865 324 3944 Erat
352 3871 462 3930 Romae
490 3867 649 3930 theatrum
677 3865 900 3947 parvulorum,
940 3883 1011 3945 quo·
1035 3859 1128 3944 pueri
1160 3879 1213 3924 cc-

173 3951 270 4012 moedi
291 3951 443 4036 agebant,
473 3951 566 4034 quale
588 3971 654 4014 aevo
677 3963 784 4012 nostro
807 3947 906 4010 edidit
926 3945 1054 4008 Parisiis
1082 3943 1214 4008 celeber

172 4033 307 4096 Antinoi.
350 4035 434 4096 Vide
455 4032 595 4096 Turneb.
616 4033 734 4094 Adeas.
746 4031 802 4109 lX,
823 4042 855 4106 4,
879 4041 911 4092 et
925 4033 1017 4092 Mart.
1028 4025 1115 4106 XIV,
1139 4036 1210 4103 erla.

189 4153 191 4156 ·
244 4120 391 4180 Hieron
417 4118 622 4198 omittendum
644 4115 777 4198 hospitia
798 4111 1062 4199 publicaquibue
1085 4111 1211 4174 aleban-

170 4211 224 4262 tur
243 4221 416 4284 panperum
438 4202 530 4284 pueri
552 4212 584 4262 et
604 4200 729 4282 puellm,
751 4221 873 4262 necnon
893 4196 1074 4278 projectitii,
1096 4193 1210 4277 partim

171 4303 235 4347 aere
257 4285 493 4368 imperatorum,
515 4281 627 4365 partim
648 4284 841 4365 privatorum
863 4281 952 4342 donis
975 4291 1006 4340 et
1027 4280 1148 4361 legatie.

237 4369 362 4438 ,‚Puere'e
381 4386 413 4423 ee
426 4368 528 4433 nauto
545 4365 646 4441 quibu·
662 4367 743 4423 etiam
762 4367 896 4438 Treienue
917 4362 1046 4419 alimento
1063 4364 1207 4436 detulerat,

150 4444 151 4455 ¹
180 4436 376 4500 incrementum
396 4442 565 4500 bberelitedt
584 4439 707 4514 adjecit.⁴‘

742 4543 751 4554 ·
837 4513 932 4580 Smin
951 4513 982 4569 in
1001 4512 1130 4570 Adrion.
