2982 5046
627 377 770 445 GALB
1193 381 1256 451 tte

232 541 481 676 mpigppp‘ptpm
499 543 620 603 nubilem
642 543 817 604 innectantur.
838 575 869 592 ·-
896 545 982 602 Notae
1001 543 1179 616 coniectaria·
1197 562 1257 604 ree·

487 751 493 758 ,
565 695 646 750 Para·
667 695 781 752 carnia.
800 694 835 748 de
853 695 917 750 vita
936 695 1067 764 deuecta,
1085 696 1136 765 xl,
1155 697 1182 751 8.

296 773 387 834 Hanc
408 769 514 852 legem
536 769 765 852 Heliogabalus
788 769 828 830 de
852 776 976 832 nomine
998 769 1104 833 uxoria
1125 791 1188 832 auae
1200 767 1257 832 Se·

223 854 485 1016 ffiffijmit
505 853 667 936 appellari.
710 853 795 921 Vide
813 852 957 935 Lamprid
985 853 1028 916 ud
1043 855 1258 916 Comtantmen
1286 967 1288 978 Ι

627 1211 773 1275 GALB

138 1390 382 1459 GADlTANAE.
412 1422 454 1438 -
484 1391 604 1454 Puellae
636 1389 849 1474 hispanienses
877 1403 970 1454 cantu
1003 1389 1108 1470 auaui,
1138 1409 1261 1454 necnon

225 1476 316 1539 molli
344 1473 522 1556 saltatione,
553 1477 664 1538 Romae
691 1475 839 1558 inaignea.
887 1477 1053 1558 Pleraeque
1082 1475 1260 1536 meritoriae.

226 1559 379 1622 Gnadtanoe
399 1573 421 1618 e
440 1558 597 1638 Gadibus,
630 1557 714 1621 unde
734 1557 973 1620 innumerabilia
993 1569 1096 1622 scorta
1117 1557 1261 1622 conunue

226 1639 428 1706 accedebant

293 1723 408 1781 Cantica
426 1725 474 1798 qui
492 1723 560 1792 Nili,
579 1725 627 1800 qni
643 1725 787 1797 gaditana
805 1735 938 1780 euaurret.

767 1798 859 1856 Mane.
879 1800 926 1870 lll,
947 1815 1030 1870 tutat,
1050 1797 1077 1854 5.

330 1873 387 1930 Nec
406 1872 439 1928 de
458 1874 585 1929 Gadibus
605 1873 735 1948 improbie
755 1875 849 1946 puelle

331 1948 485 2004 Vibrabunt
503 1949 560 2005 aine
579 1947 632 2004 line
644 1949 800 2022 prurientee

331 2023 462 2080 Laecivoa
481 2023 564 2080 docili
583 2035 702 2079 tremore
720 2025 836 2082 lumbar.

776 2099 866 2153 Mane.
886 2095 919 2167 V,
938 2114 1060 2168 cxxviii,
1078 2096 1191 2171 adeqq.

293 2169 420 2229 Forsitan
440 2183 573 2245 exepectee
595 2182 625 2228 ut
641 2173 783 2244 gaditana
803 2189 907 2228 canoro

295 2245 430 2319 incipiant
449 2247 560 2320 prurire
579 2249 675 2314 choro,
693 2249 840 2320 plaueuque
860 2247 982 2318 probatae

295 2323 335 2378 dd
356 2333 457 2378 terram
478 2324 593 2380 tremulo
613 2323 776 2378 deecendant
795 2323 874 2377 clune
894 2323 1001 2394 puelle,

295 2395 498 2458 Irritamenturn
517 2397 623 2454 veneria
642 2398 804 2472 languentia,
824 2408 851 2452 et
870 2414 948 2452 acrae

295 2471 396 2540 Divitia
415 2472 518 2527 urtica.

821 2545 884 2600 Juv.
905 2543 956 2612 xl,
981 2544 1029 2599 ada
1050 2561 1109 2618 eqq.
1246 2569 1250 2578 ·

144 2620 303 2688 GALBA.
319 2653 361 2677 ψ-
379 2619 496 2682 Scurra
518 2621 670 2704 temporis
680 2619 813 2704 Augusti
832 2620 872 2681 de
890 2639 952 2700 quo
964 2621 1132 2694 luvenalis,
1155 2619 1217 2680 Sat.
1225 2617 1266 2679 V.

230 2705 309 2788 Ejus
335 2706 476 2767 meminit
505 2702 705 2766 Plutarchus.
759 2703 865 2796 Quum
897 2703 1079 2763 dormitaret
1106 2702 1268 2764 Maecenati

229 2809 363 2850 uxorem
393 2809 479 2849 auam
508 2787 711 2850 contrectanti
742 2799 812 2869 poet
833 2805 971 2862 coenam,
1002 2797 1105 2846 tamen
1129 2786 1167 2847 ad
1193 2785 1268 2848 cali·
1311 2839 1315 2846 .

232 2891 286 2950 cea
316 2871 483 2954 vigilabat,
516 2872 738 2952 servulumque
768 2870 878 2932 videns
906 2867 1010 2930 vinum
1034 2868 1267 2950 sublegentema

230 2955 297 3016 lllcn
317 2955 450 3026 omnibus,
471 2955 521 3032 ait,
544 2955 661 3015 domnio.
698 2957 863 3033 Caeterum,
886 2951 980 3032 hujus
997 2955 1121 3035 generis
1140 2953 1268 3018 lenones

232 3039 395 3120 eleganter
417 3050 501 3100 notat
521 3037 668 3115 Tertull,
691 3039 734 3100 lib.
756 3037 791 3099 de
812 3037 968 3106 Patientia,
991 3057 1053 3117 cap.
1070 3036 1115 3100 ab.

305 3119 420 3272 (puelia
443 3133 544 3182 autem
567 3133 669 3182 essent
688 3123 790 3183 Gattoe
812 3121 910 3192 dicta,
934 3119 1028 3180 docet
1049 3117 1269 3203 Quintilianus.

306 3245 313 3272 ,
335 3205 351 3258 d
379 3221 466 3277 porro
490 3205 564 3278 quod
581 3205 698 3270 dicitur,
726 3215 832 3260 anteat
852 3203 981 3258 lascivum
1001 3211 1028 3256 et
1048 3202 1158 3268 bilai-e,
1180 3203 1270 3276 qualia

243 3279 342 3336 Gelboe
354 3282 494 3354 pleraque,
505 3292 552 3335 eut
564 3279 798 3344 contumeliorum,
809 3279 904 3352 qtaelie
920 3297 1008 3350 nuper
1018 3267 1093 3334 lunii
1103 3278 1189 3347 Baeti,
1201 3278 1269 3336 etc-‘⁴

747 3351 876 3429 Quintia.
900 3351 970 3406 Iret.
994 3351 1079 3405 Oret.
1100 3353 1145 3422 Vl,
1166 3353 1192 3408 ὅ.

147 3427 352 3499 ,GALBANA
386 3439 441 3491 aut
471 3429 669 3493 GALBINA.
698 3461 738 3476 -
766 3428 870 3492 Vestia
900 3427 1017 3498 coloris
1046 3425 1197 3492 herbacei
1230 3425 1270 3489 ad

233 3533 322 3574 usum
345 3511 561 3586 foeminarum,
583 3510 731 3572 mollibus
752 3521 911 3594 usurpata.
954 3509 1049 3589 lude,
1068 3513 1188 3588 galbani
1209 3529 1270 3572 mo-

232 3617 278 3657 rea
297 3616 356 3678 pro
378 3595 519 3656 moribus
541 3592 814 3656 effoeminatorum.

358 3678 458 3734 Nativa
479 3679 579 3745 laudet,
599 3677 698 3742 lrabeat
716 3688 742 3732 et
760 3677 824 3732 licet
842 3694 948 3750 aemper

355 3754 458 3810 Fuecoe
477 3755 594 3822 coloret,
612 3753 753 3824 galbano:
773 3752 854 3808 hebet
872 3768 977 3806 meree.

860 3826 1094 3894 atlantion,
1114 3823 1132 3880 d
1152 3839 1193 3898 aq.

297 3898 507 3976 Reticnlumque
525 3899 608 3956 comit
627 3911 753 3975 auratum
771 3899 924 3976 ingentibue
944 3901 1036 3974 implet
1073 3960 1076 3970 ,

297 3975 423 4040 cerulea
442 3977 552 4032 indotua
570 3977 705 4046 acutulate
723 3987 771 4034 aut
787 3976 918 4048 galbane
937 3992 1008 4046 reee-

221 4196 269 4262 Μ
290 4123 429 4253 tad'tptitue
444 4125 587 4202 chlamyde
605 4142 720 4198 coccea,
745 4045 1270 4196 mni„ga1g,ml‚ub}:lsshj⁹,⁶;2igtgp,

270 4217 288 4254 ιι
301 4216 343 4259 ιιι.

146 4352 443 4496 (ὅΔῙιΒΔΙξῙίᾹῗΙῖΙΞΘ.
468 4465 509 4480 -
534 4435 598 4495 Pro
619 4431 759 4495 molliet
780 4430 918 4514 pathice.

142 4537 147 4544 ·
393 4515 517 4573 conviva
537 4517 661 4591 quiaquia
681 4515 753 4571 Zoili
772 4525 860 4587 poteet
878 4531 946 4583 aeae,

393 4591 607 4650 Sumunienee
620 4596 712 4650 'cenet
729 4589 802 4648 iuter
819 4605 926 4688 morae.

861 4275 971 4342 Variae.
992 4272 1023 4326 ie
1042 4269 1194 4340 Aurelian.
