2932 5052
737 369 865 440 savt

443 531 536 594 ludas
554 537 683 596 dacsutas
700 551 817 613 nuptum
834 537 877 598 ira
893 547 958 612 puta
974 544 1086 608 m,

445 615 594 686 Virumque
611 615 720 674 demens
739 613 874 670 cineribus
893 613 947 668 tuis
966 610 1064 687 queris

445 688 566 744 Prurira.
587 686 674 764 Quid!
693 691 813 744 sarrire
831 689 853 745 si
873 687 938 741 salit
954 684 1071 742 mum?
1237 757 1238 764 ἵ

861 763 954 822 Maur.
975 762 1124 832 lIl,xc1u,
1146 759 1180 816 ab
1199 776 1258 833 sqq,

111 857 116 882 ¹
238 832 477 899 statuarum.
501 869 541 882 —
563 836 706 902 Verbum
727 858 907 900 venereum.

387 920 439 990 „Ut
458 921 573 975 intellexi
594 932 716 975 stertere*
728 931 850 992 patrem,
879 935 978 994 regare
997 915 1065 989 cupi
1084 915 1235 990 ephebum,
1261 926 1294 972 ut
1311 931 1353 971 rs·

330 1005 485 1050 vastaretur
503 997 532 1050 in
550 999 667 1069 gratiam
686 1013 799 1062 mecum,
820 996 848 1051 id
867 1006 915 1062 ast,
935 1005 965 1050 ut
983 1003 1126 1066 putaretur
1139 990 1350 1082 saapsfiertaibi,

331 1079 358 1124 at
376 1081 472 1127 catara
490 1087 548 1144 qua
565 1071 651 1129 libido
670 1068 795 1125 distincta
813 1069 921 1126 dictat.“

268 1131 279 1192 l
1074 1140 1194 1200 Paraou.
1216 1140 1280 1198 Sat.

237 1214 458 1280 saranum.
480 1252 523 1264 -
541 1217 593 1282 Ad
615 1237 764 1284 venerem
789 1218 936 1289 excitant.

424 1301 477 1358 sea
495 1301 561 1358 nibil
581 1321 669 1360 erucas
688 1300 801 1366 iaciant,
820 1301 950 1375 bulbique
969 1301 1081 1368 salacea,

459 1377 587 1451 improba
606 1396 656 1434 uac
670 1388 786 1447 prosunt
803 1379 859 1448 jam
878 1377 1011 1430 satureia
1030 1375 1088 1430 ubi.

887 1451 980 1506 Maur.
1000 1449 1046 1518 Ill,
1066 1466 1145 1520 saxa,
1165 1446 1181 1500 3
1200 1464 1250 1534 ιφ.

223 1517 529 1589 batumum!
557 1525 733 1594 VERSUS.
757 1558 798 1572 -
820 1525 967 1606 Lascivi,
999 1525 1123 1609 spurci3
1157 1543 1198 1585 ex
1228 1520 1353 1586 lucentia

320 1609 531 1671 saturnalium.

444 1693 502 1749 Nec
521 1711 571 1764 per
588 1691 719 1748 circuitus
737 1693 867 1766 loquatur
885 1692 968 1760 illam,

443 1767 487 1822 Ex
506 1785 560 1841 qua
577 1767 723 1836 nascimur,
743 1769 864 1832 omnium
883 1777 1035 1838 parentam,

445 1839 534 1916 Quam
554 1854 661 1898 sanctus
680 1843 769 1898 Numa
788 1845 933 1897 mentulam
952 1839 1075 1897 vocabat.

447 1919 558 1971 Versus
578 1919 626 1972 boa
645 1928 736 1973 tamau
755 1935 814 1973 aaaa
832 1927 862 1974 tu
879 1927 1015 1972 memento

443 1991 696 2046 Saturnalitias...

615 2065 622 2074 '
885 2065 977 2122 Maur.
996 2064 1046 2135 xl,
1065 2081 1124 2133 aar,
1143 2061 1161 2119 d
1180 2077 1240 2137 sqq.

237 2151 398 2218 sumt.
424 2191 465 2205 —
486 2157 620 2236 lascivi,
643 2157 771 2222 adrem
793 2158 948 2222 ardentes.
992 2159 1072 2219 Mire
1094 2155 1179 2218 salax
1199 2165 1303 2217 totum
1318 2152 1354 2216 il·

318 2239 376 2302 lud
397 2242 566 2320 agrestium
588 2241 721 2304 deorum
740 2263 848 2324 genus,
872 2263 950 2325 quos
972 2241 1082 2310 Panas,
1102 2240 1234 2309 Faunos,
1256 2236 1352 2300 Siloa-

319 2345 388 2392 nos,
415 2325 535 2402 Satyros
555 2345 591 2386 ac
612 2327 721 2386 Sllenos
740 2325 938 2408 appellabant
957 2325 1110 2403 Romani,
1144 2333 1176 2384 et
1206 2341 1354 2404 quorum,

317 2418 396 2468 teate
417 2408 591 2488 Augustino
614 2408 686 2488 (Cia.
707 2410 775 2480 Dei,
793 2407 867 2486 XV,
891 2407 964 2488 23),
994 2408 1120 2470 lascivia
1142 2403 1354 2482 incredibilis,

317 2511 381 2552 non
402 2490 433 2552 in
454 2491 613 2574 Nymphas
634 2503 770 2572 tantum,
804 2494 861 2559 aed
893 2503 925 2554 et
952 2494 985 2553 iu
1013 2492 1175 2560 mulieres,
1192 2489 1352 2550 mortales.

318 2573 410 2636 Unde
431 2577 520 2661 iprum
542 2588 573 2638 et
592 2577 702 2636 amata·
721 2578 938 2658 nominantur,
968 2577 1000 2638 in
1022 2572 1269 2636 declarationem
1293 2591 1354 2656 unc·

317 2657 422 2800 ‘ffffioe
444 2678 564 2720 eorum.
595 2656 780 2724 Refereada
801 2661 870 2724 baec
886 2659 1012 2723 numina
1031 2659 1072 2720 ad
1088 2659 1150 2720 vim
1165 2655 1351 2738 generandi.

352 2760 417 2804 mc:

236 2839 490 2904 SATYRIASIS.
520 2875 560 2889 —-
589 2845 813 2925 Σατυρίασις.
857 2841 1003 2924 Tentigu‚
1024 2841 1163 2921 pruritus
1183 2860 1353 2903 venereus.

385 2925 574 2995 „satyriasis
592 2940 632 2983 eat
650 2930 792 2983 vehemens
810 2927 916 2983 aenaria
937 2924 1100 2998 appetentia.
1121 2928 1242 2980 Vocatur
1259 2936 1355 2979 autem

327 2999 364 3053 ab
383 2999 472 3055 barbe
490 3003 591 3057 virtute
610 3020 690 3076 quam
709 3005 849 3071 satyrion
869 3013 977 3056 vocant·
1003 2999 1080 3054 Hanc
1098 2999 1170 3052 enim
1189 2998 1353 3070 accipientes

328 3073 359 3127 in
374 3093 499 3130 venerem
518 3088 705 3148 provocantur
723 3095 785 3131 cum
805 3077 933 3149 tentigine
954 3074 1109 3148 genitalium
1130 3075 1259 3146 partium.
1301 3073 1354 3129 sel

330 3151 510 3204 antecedentia
529 3151 605 3204 istius
626 3150 755 3222 passionis
774 3164 836 3206 sunt
856 3163 935 3224 epota
955 3149 1132 3204 medicamina
1151 3149 1187 3204 cb
1206 3165 1289 3204 usum
1311 3167 1355 3204 aa·

328 3238 441 3277 nereum
460 3225 639 3292 excitandum,
659 3244 719 3298 qua
735 3227 866 3292 satyrica
885 3237 998 3296 vocant,
1018 3241 1076 3296 quc
1095 3235 1157 3278 aunt
1175 3223 1251 3280 acria
1272 3233 1355 3296 atqua

328 3295 472 3370 incentiva,
492 3310 520 3354 at
538 3301 629 3356 nmvia
646 3299 803 3375 improba.“

453 3389 462 3403 '
885 3373 1005 3440 Caecius
1022 3373 1210 3444 turstinus,
1229 3371 1280 3427 111.

237 3461 457 3528 SATYRION.
479 3499 521 3512 -
540 3467 624 3529 Vide
646 3488 740 3550 supra
762 3464 889 3530 Caelium
912 3466 1022 3528 Aurel.

385 3550 503 3621 „lucilla
522 3551 580 3606 risu
599 3570 659 3607 man
677 3552 795 3623 prodita,
815 3550 957 3624 complosit
976 3566 1081 3616 manus,
1101 3558 1143 3602 ata
1163 3546 1280 3619 adposui
1295 3521 1364 3619 qui·

328 3623 406 3692 dam,
435 3625 539 3700 inquit,
563 3626 736 3681 adolescena=
765 3628 837 3682 aulus
857 3635 961 3681 tantum
982 3625 1203 3679 medicamentum
1224 3618 1353 3677 ebibisti?

328 3699 487 3830 Iffitadt’
515 3699 603 3776 aliquit
627 3699 776 3776 Quartilla,
810 3699 940 3776 quidquid
965 3699 1084 3768 satyrii
1107 3697 1176 3769 suit,
1201 3697 1355 3771 Encolpius

329 3791 344 3828 υ
420 3815 428 3829 ·
1073 3848 1190 3903 Parnon.
1211 3845 1276 3903 aas.

236 3919 636 4004 cavillatusuavtuu.
660 3925 857 4010 -Proprie
888 3923 996 3986 oscula
1025 3924 1163 3986 veneria.
1207 3922 1355 3982 Antecoe·

319 4008 404 4068 nium
425 4010 563 4072 robustae
584 4011 759 4091 voluptatis.
802 4007 886 4070 Vide
907 4007 1060 4070 Oscuumr
1082 4017 1114 4066 et
1136 4006 1269 4066 Sancus.

236 4087 394 4185 SAYIUM
415 4094 595 4170 TENERE.
618 4127 659 4137 —
680 4092 832 4155 Osculum
854 4113 914 4154 nou
938 4090 1024 4166 darc,
1047 4089 1103 4150 sed
1126 4089 1284 4166 accipere.

384 4162 493 4244 „Facito
512 4188 543 4232 ut
560 4195 603 4233 ma
621 4176 788 4248 memineris:
813 4184 878 4232 tene
896 4174 991 4244 aliam,
1010 4163 1170 4248 priusquam
1188 4171 1251 4225 hinc
1271 4168 1353 4240 abac,
1447 4185 1448 4218 l

327 4250 471 4306 savium.“

880 4324 976 4378 Puaur.
998 4317 1151 4386 Curcum,
1172 4337 1205 4388 u,
1225 4318 1274 4380 54,

236 4385 404 4462 S'AVIUM.
426 4431 467 4450 -
488 4401 553 4463 Pro
574 4420 631 4462 ore
652 4402 719 4483 ipso
742 4397 827 4462 haud
849 4421 923 4461 raro
945 4422 963 4460 a
983 4400 1085 4480 poetis
1108 4396 1234 4458 dictum.
1311 4455 1325 4468 ,

392 4483 455 4552 „Vel
474 4484 580 4558 papilla
599 4483 784 4560 quujuamodil
802 4493 859 4538 tum
878 4501 938 4558 qua
956 4480 1060 4536 indulca
1079 4479 1109 4535 in
1126 4479 1208 4534 sauia
1225 4473 1309 4532 aatP⁴⁴

907 4557 1009 4612 Pctus.
1024 4555 1101 4617 Ruti.
1114 4553 1150 4625 ll,
1170 4571 1210 4622 sa,
1231 4567 1278 4606 ιο.
