2932 5052
630 401 742 470 Pisi
1183 407 1245 472 255

213 569 330 634 dicitur
350 571 469 634 librum
488 567 579 634 illum
591 565 643 636 'de
666 567 836 636 concubitu
856 569 1033 653 scripsisse,
1055 582 1088 633 et
1108 571 1249 634 carmine

214 656 348 738 satyrico
378 654 530 718 Palleant·
557 655 714 718 tribuisse.
767 657 894 738 Negans
927 673 1004 715 vern
1035 655 1171 716 Phidenis
1200 667 1249 727 tu-

213 741 304 840 mulp
323 760 381 802 suo
403 739 532 802 inscribi
552 739 652 823 jussit,
673 761 707 802 se
727 759 894 820 numquam
912 735 1149 822 telellagitium
1173 759 1248 802 eou-

213 843 350 886 eesrrsse.

131 905 358 972 PHILTRUM.
373 918 422 954 '—
448 903 607 990 Φίλτρον.
650 893 801 973 Poculum
818 905 1010 967 emeterium.
1050 905 1251 976 Veneficium

215 991 256 1057 ed
279 989 532 1073 compellendum
554 1009 703 1051 amorem.

318 1075 371 1130 llio
390 1075 509 1147 magicos
529 1072 618 1128 adlart
636 1083 747 1141 centem
766 1071 812 1128 hio
831 1071 959 1128 Thessala
977 1073 1071 1129 rendit
1095 1111 1107 1132 s

320 1149 453 1218 Philtra,
473 1147 571 1222 quibus
591 1147 683 1202 valeat
701 1158 818 1203 mantem
837 1167 937 1204 verare
956 1149 1057 1222 mariti,

319 1225 355 1280 Et
373 1223 449 1280 solea
467 1224 577 1297 pulnere
594 1233 680 1278 nates.

901 1295 1243 1373 mmmm·

134 1389 342 1456 PHRYGES.
364 1423 406 1436 -
427 1387 604 1452 Mollissimi
623 1387 763 1450 omnium
781 1389 972 1471 populorum
993 1389 1201 1452 habebuntur.
1303 1437 1305 1445 .

247 1474 271 1529 Ο
291 1491 356 1528 vers
375 1471 536 1544 Phrygios,
556 1471 737 1545 nequeenim
756 1470 905 1542 Phryges,
925 1473 962 1526 its
982 1491 1033 1545 psr
1051 1475 1105 1530 ulta
1176 1481 1188 1504 '‘

247 1549 396 1623 Dindyma,
416 1549 463 1604 ubi
484 1545 598 1605 assuetis
618 1545 734 1610 biforem
755 1547 800 1602 det
818 1548 884 1602 tibia
905 1560 1025 1608 cantum.

727 1624 840 1678 Vrssrn.
859 1624 977 1682 Aeneis.
990 1624 1041 1691 IX,
1062 1621 1115 1695 617
1136 1637 1178 1694 sq.

245 1715 386 1772 Barbarus
405 1725 445 1772 ast
463 1714 566 1790 Lydus,
585 1731 682 1770 servus
700 1713 780 1780 Geta,
792 1715 954 1782 foeminaus
972 1714 1092 1783 Phryx.

707 1790 802 1843 Assos
832 1789 946 1858 Eidyll.
969 1791 1003 1843 de
1023 1788 1180 1842 Historiis.

134 1881 325 1950 moruus:
355 1878 573 1944 OBSOENAE.
596 1916 638 1930 --
659 1879 787 1966 Spurcae
814 1894 846 1943 et
875 1881 1040 1943 libidinem
1070 1883 1258 1960 exsitentes;

217 1966 279 2046 jem
300 1968 409 2026 Romae
438 1966 643 2028 usitatissime!
670 1965 727 2028 sub
757 1967 865 2046 primis
896 1965 1148 2048 imperatoribus.
1190 1966 1256 2024 No·

218 2062 285 2111 tum
313 2061 362 2110 est
390 2066 430 2108 ex
461 2045 630 2129 Suetonio,
672 2049 835 2110 Tiberium
865 2051 1046 2110 instruxisse
1077 2047 1259 2112 cubiculum

219 2152 319 2209 suum,
343 2153 383 2192 ex
404 2129 625 2214 Elephantidis
645 2131 730 2193 libro
754 2133 856 2209 editis,
878 2156 901 2194 e.
920 2133 971 2205 43.

322 2213 389 2292 Ques
408 2231 504 2269 manns
524 2214 659 2268 obscenas
679 2214 799 2288 depinxit
819 2216 907 2288 prims
927 2215 1062 2286 tabellas,

360 2291 396 2344 Et
415 2289 509 2360 posuit
527 2301 601 2344 caus
621 2291 710 2363 turpia
731 2292 788 2345 risa
808 2291 899 2356 domo,

323 2365 374 2420 llls
395 2367 547 2436 puellarum
567 2365 699 2438 ingenuos
719 2365 845 2438 corrupit
865 2367 976 2434 ocellos,

361 2441 548 2512 Nequitiaequo
568 2458 621 2494 sue
636 2440 725 2496 noluit
744 2458 801 2494 esse
819 2441 911 2498 rudes.

322 2513 379 2570 Ab!
399 2525 491 2587 gamat
510 2515 539 2568 in
559 2516 641 2569 terris
661 2515 713 2570 ists
731 2516 779 2588 qui
798 2515 914 2585 protulit
931 2523 992 2570 erto

360 2589 458 2662 lurgis
479 2590 531 2644 sub
551 2589 634 2646 tacita
654 2591 765 2644 condita
785 2586 889 2644 letitia!

324 2663 388 2720 Non
407 2665 465 2719 istis
485 2664 549 2720 otim
569 2664 715 2719 sariebant
733 2674 805 2722 tecta
822 2662 926 2736 liguria,

362 2737 454 2814 Quum
472 2738 563 2810 peries
583 2740 660 2795 nullo
679 2739 796 2794 crimine
816 2739 905 2809 pictus
924 2746 993 2796 erat.

566 2815 570 2822 ’
769 2813 901 2868 Psesssr.
914 2813 947 2882 lt,
967 2831 1010 2881 vs,
1033 2829 1065 2882 ²⁷
1086 2829 1146 2884 sqq·

137 2871 356 2956 PILUMNUS.
379 2921 418 2934 -
441 2848 490 2948 Ex
511 2885 570 2949 diis
590 2908 756 2970 puerperae
779 2886 971 2951 custodibus.

287 2970 415 3043 „Mulieri
436 2970 520 3040 feste,
547 2983 610 3044 post
628 2982 737 3044 partum
764 2981 818 3028 tres
845 2971 910 3027 daos
937 2969 1061 3026 custodes
1074 2971 1166 3028 Varro
1190 2985 1262 3028 eous·

233 3056 366 3102 memoret
384 3045 509 3100 adhiberi
512 3083 573 3100 .....
593 3064 744 3122 eorumque
759 3047 900 3102 custodum
913 3044 1154 3120 significaldorum
1166 3061 1263 3102 causes
1346 3047 1349 3054 '

233 3131 290 3175 tres
314 3120 442 3175 homines
466 3131 547 3175 nocta
572 3121 692 3177 circuire
720 3121 812 3177 limina
831 3122 942 3190 domus,
972 3132 998 3174 at
1018 3121 1108 3191 primo
1124 3122 1204 3178 limen
1224 3120 1263 3176 la·

230 3195 289 3250 rire
308 3195 412 3260 securi,
440 3206 534 3267 postea
550 3195 627 3267 pilo,
658 3197 740 3253 tertio
759 3199 907 3252 decurrere
934 3195 1040 3268 scopis3
1068 3207 1099 3252 ut
1125 3197 1168 3254 his
1192 3195 1262 3252 datis

169 3315 173 3322 .
234 3271 348 3326 culture
367 3269 460 3344 signis,
482 3272 547 3326 dens
569 3271 694 3330 Silvanus
715 3273 897 3344 prohibeatur
915 3271 1029 3325 intrare.
1103 3272 1138 3327 ab
1156 3271 1198 3328 his
1216 3287 1264 3326 au·

230 3355 284 3400 tans
304 3344 391 3399 tribus
409 3345 491 3404 salbus
510 3356 566 3400 tres
585 3359 757 3420 nuncupatos
776 3349 858 3410 deos,
886 3338 1102 3426 intercidonam,
1122 3364 1139 3403 a
1157 3345 1262 3404 securis

233 3419 422 3499 intercisione,
441 3421 616 3478 Pilumnum
635 3423 747 3495 spils;
764 3422 891 3476 Dersrrs
910 3437 926 3474 a
946 3421 1064 3492 scopis.“

776 3499 844 3553 Auo.
864 3495 899 3548 de
917 3495 981 3556 civ.
1001 3495 1073 3568 Des‘,
1092 3497 1139 3568 Vl,
1159 3515 1188 3570 ⁹·

143 3567 385 3634 PtMlAGULA.
408 3601 449 3616 ·-
469 3567 569 3630 Cunni
592 3569 686 3632 labia.

298 3651 423 3724 „Medius
451 3662 541 3706 autern
569 3653 642 3707 sinus
661 3653 784 3708 metiaris
803 3671 837 3708 ex
857 3653 1023 3709 membranis
1041 3652 1167 3715 nervosis
1187 3665 1265 3706 coss·

242 3737 281 3782 tet
284 3765 344 3781 .....
362 3727 436 3780 Intus
456 3739 544 3783 autem
565 3727 794 3799 spetiosissimus3
818 3727 880 3784 fons
910 3747 977 3783 reru
996 3740 1142 3802 angustus,
1162 3725 1191 3781 in
1210 3743 1266 3799 quo

112 3829 123 3850 ι
240 3801 329 3858 coitus
349 3801 473 3856 virorum
492 3813 519 3856 st
537 3819 602 3856 usus
626 3804 733 3858 saneris
751 3802 884 3868 efficitur,
916 3821 996 3876 quem
1022 3805 1118 3876 vulgus
1146 3818 1267 3857 cunnum

240 3887 329 3934 vocat.
352 3875 436 3944 Cujus
456 3874 518 3932 fons
537 3879 578 3932 rel
598 3878 703 3948 lehre,
731 3877 827 3936 Grece
845 3886 1086 3950 eptyrogomata‚
1106 3880 1150 3934 rel
1161 3877 1267 3949 primia·
1344 3913 1346 3916 -

239 3952 306 4006 cula
324 3950 480 4008 dicuntur.“

387 4024 607 4082 Pseudo-litores
626 4027 658 4101 Q.
682 4028 792 4084 Sorani
810 4030 852 4082 ad
873 4028 1055 4096 Cleopatram
1076 4027 1214 4100 reginam
1232 4025 1267 4082 da

606 4101 739 4158 medendo
758 4103 865 4158 ardore
883 4103 1026 4160 tibicinis.

144 4143 425 4256 PINGULthS.
447 4222 489 4240 ·-
509 4171 576 4288 ¹Qui
597 4194 730 4276 pingues
749 4193 892 4258 feminas
913 4206 1005 4258 emet.

335 4274 389 4332 Sed
408 4275 479 4330 idem
498 4293 613 4332 amicam
632 4279 697 4356 nolp
717 4277 789 4333 mille
807 4278 951 4333 librarum.

333 4349 483 4406 Gernsries
501 4369 576 4426 sum;
592 4353 859 4424 pinguiaricrnon
878 4369 948 4408 aem.

835 4426 928 4484 Mser.
946 4425 996 4498 Xl,
1017 4445 1054 4494 cr,
1075 4425 1093 4481 5
1111 4445 1152 4502 sq.

150 4510 327 4578 PIPINNA.
349 4529 390 4562 -'
411 4511 573 4580 Mentula¹
602 4519 632 4582 A
650 4517 799 4601 pipillsre,
825 4519 913 4606 quod
933 4531 981 4582 est
1000 4519 1120 4602 evium3
1152 4519 1266 4606 exiguo

230 4598 330 4663 verbo
350 4602 383 4661 in
404 4599 659 4666 blandimentum.
