2962 5046
242 357 307 420 2⁰8
413 429 418 453 t

727 347 872 412 horu

353 559 358 572 .
399 513 521 588 „Virgini
549 513 578 570 in
603 516 699 572 turtee
724 515 861 584 educte,
891 524 957 572 rute
981 514 1055 572 &tn
1078 515 1190 572 eman
1216 531 1299 590 wem
1324 515 1362 574 ibi

333 589 570 659 replicationem,
601 610 686 665 quum
713 590 742 646 in
762 602 888 664 seperate
913 590 991 648 dieta
1016 603 1087 648 esen
1111 592 1156 648 die
1181 593 1360 664 mpttarum,

334 667 497 740 priusquam
516 666 550 721 ed
570 667 799 734 ructuantium,
828 678 856 722 et
871 668 1043 740 priusquum
1059 685 1142 741 aqua
1158 675 1189 722 ct
1206 669 1276 738 igni
1293 669 1366 722 ueri·
1459 701 1460 738 3

331 749 471 812 peretur,
498 741 528 798 iu
553 753 595 796 eet
618 741 727 812 nuptiae
750 742 978 810 celebrarentur,
1013 744 1115 799 obtulit
1146 743 1239 798 decem
1266 759 1362 800 aureos
1459 743 1460 784 t

424 817 440 848 u

336 817 505 952 cloppsm
528 891 680 954 seueros..
700 893 725 959 §.
746 891 864 960 virgini
881 891 915 946 de
933 891 1032 948 hunt.
1053 893 1132 948 ieter
1150 893 1210 946 uir.
1229 897 1261 946 et
1279 909 1330 946 ux.

320 1019 323 1026 .
430 965 506 1042 Quot
525 965 625 1022 testem
644 972 728 1036 justos
748 966 875 1038 igniret
897 967 971 1019 undu
991 967 1075 1022 viror.

818 1039 900 1094 Orto.
920 1045 989 1096 Art.
1013 1047 1110 1096 Amat.
1130 1041 1166 1110 11,
1186 1041 1253 1114 598.

400 1123 431 1178 2⁰
444 1113 630 1178 Ominosurn
648 1114 798 1202 putabant
815 1117 944 1197 antiqui,
966 1117 1188 1199 ingrediendo,
1208 1117 1257 1194 yel
1272 1135 1365 1202 egre·

327 1200 444 1262 diendo
467 1200 562 1262 limen
582 1212 724 1283 tangere,
746 1199 834 1284 quod
855 1201 1014 1284 praecipue
1035 1201 1068 1261 in
1089 1201 1178 1264 novis
1194 1205 1296 1282 nuptio
1313 1220 1364 1261 rc-

325 1283 436 1367 ligioni
458 1282 627 1344 habebant.

399 1367 526 1438 „Sensim
546 1384 633 1436 super·
650 1367 752 1422 attolle
771 1367 859 1420 limen
872 1367 964 1433 pedes,
985 1382 1056 1419 nove
1076 1363 1178 1438 nuptu!
1199 1385 1290 1438 eoepee
1310 1366 1363 1422 lter

336 1441 425 1513 incipe
444 1443 515 1507 hoc,
547 1453 577 1496 ut
603 1441 664 1496 viro
694 1453 742 1496 tuo
763 1460 871 1514 temper
890 1441 924 1494 eie
945 1452 1097 1512 superstes,
1118 1453 1199 1514 etque
1218 1439 1253 1496 Ut
1272 1441 1364 1514 potior

336 1517 465 1589 pollentia
485 1516 534 1581 sit,
555 1515 700 1590 vincasque
721 1518 820 1584 virum,
841 1517 994 1587 victrixque
1015 1516 1075 1584 sies,
1097 1517 1267 1590 superetque
1290 1527 1366 1572 tuum

335 1593 495 1666 imperium!
516 1591 728 1663 vincerentur,
748 1603 778 1647 tu
798 1595 889 1646 virum
909 1592 1041 1663 despolier
1054 1591 1069 1621 ‘⁴

833 1667 928 1721 Pueun
953 1667 1051 1719 Oasin.
1073 1665 1181 1740 1v‚1v,
1204 1683 1215 1720 t
1237 1683 1297 1740 sqq.

433 1797 640 1815 ................
652 1755 734 1814 limen
754 1760 871 1815 transire
892 1769 1026 1813 memento
1109 1762 1112 1779 ¹

378 1841 381 1850 ’
431 1835 564 1904 Cautius,
584 1845 668 1909 etque
689 1837 741 1891 ulte
760 1837 853 1891 sobrie
874 1833 947 1888 ferre
966 1834 1072 1906 pedem.
1157 1855 1166 1863 ·

873 1909 958 1969 Ovio.
980 1913 1046 1962 Am.
1067 1906 1088 1976 l,
1109 1927 1162 1976 rur,
1184 1907 1200 1962 5
1221 1925 1261 1979 eq.

400 1985 512 2046 Limen
541 1985 623 2046 enim
645 1985 751 2048 Vestae
781 1998 937 2055 secretum
968 1996 1055 2062 erat3
1087 1984 1173 2044 unde
1206 1980 1368 2060 cavebant,

329 2070 371 2130 ait
391 2071 497 2131 Varro
528 2069 560 2128 in
591 2068 701 2144 AEtiis,
742 2085 781 2132 nc
814 2092 833 2130 e
866 2069 1035 2152 sacrilegio
1065 2066 1253 2130 inchoarent
1284 2087 1370 2128 novet

326 2165 450 2234 nuptae,
480 2152 505 2213 si
534 2153 744 2232 virginitatem
768 2151 956 2234 depositurae
978 2151 1151 2213 calcassent
1172 2171 1242 2211 rem
1270 2152 1370 2218 Veste,

320 2238 358 2298 ‘id
384 2249 430 2298 est
452 2235 569 2296 numini
592 2236 774 2313 castissimo,
798 2248 1022 2298 consecratam.

402 2321 434 2384 3⁰
455 2322 565 2380 Postes
587 2320 692 2381 mariti
714 2320 851 2404 unguine
881 2317 988 2402 lupino
1016 2315 1236 2403 ungebantur3
1267 2317 1371 2378 eRo·

327 2403 414 2464 mulo
435 2405 504 2485 ipso
528 2403 611 2463 instit
635 2415 709 2478 tum,
731 2403 819 2485 quod
840 2404 923 2487 lupae
942 2404 1024 2466 lacte
1042 2402 1176 2462 nutritus
1193 2399 1264 2462 fuit.
1295 2400 1370 2466 vid.

313 2489 403 2570 'Sena
425 2493 454 2547 in
473 2485 582 2547 AEnet'd.
594 2425 648 2560 li',
673 2497 704 2546 n⁰
715 2488 766 2560 46.

404 2569 536 2643 „Egregie
556 2572 673 2626 numinis
690 2583 716 2625 et
735 2570 881 2644 singularis
900 2568 1091 2641 interpretatio
1114 2577 1298 2638 potestatum,
1318 2564 1372 2620 nisi

338 2657 426 2719 poetes
448 2646 570 2700 virorum
590 2647 691 2719 adipali
712 2645 833 2719 unguine
854 2645 1046 2700 oblinerentur
1064 2660 1080 2696 e
1100 2645 1222 2716 eponeie,
1241 2642 1297 2698 rtiei
1317 2641 1373 2696 rir-

336 2722 437 2796 ginaliu
457 2721 566 2776 vincula
581 2725 635 2792 jem
655 2722 789 2778 ferventes
809 2721 1003 2785 dissolverent,
1024 2719 1093 2774 etc.“

567 2855 570 2868 .
948 2797 1054 2852 Aaron.
1075 2793 1142 2846 adu.
1160 2791 1240 2849 (lent.
1262 2789 1298 2846 11.

413 2881 445 2947 [1⁹
465 2875 561 2936 Nove
585 2885 686 2953 nuptae
710 2884 805 2953 caput
824 2868 1004 2932 flammeolo
1026 2867 1257 2930 involvebatur.

403 2957 481 3030 „Jem
499 2958 601 3028 Psyche
626 2958 720 3027 puellae
740 2966 822 3027 caput
839 2952 1173 3023 involverutsta'mmeoln
1178 2990 1236 3004 .....
1239 2951 1255 2980 “

1096 3028 1214 3084 Parnon.
1236 3025 1300 3079 Sat.

398 3105 736 3158 ..................dudunn
756 3106 830 3160 redet
848 3105 895 3158 ille
913 3114 1012 3175 parato

394 3181 573 3234 Flammeolo
593 3180 734 3254 tyriusque
752 3181 843 3252 palem
862 3179 975 3252 genialis
993 3179 1024 3232 in
1042 3175 1130 3234 hortis

397 3255 552 3321 Sternitur,
572 3263 624 3310 etc.

550 3335 552 3338 ’
975 3326 1038 3381 Jur.
1060 3327 1096 3395 X,
1118 3326 1182 3393 ³53,
1202 3341 1260 3398 sqq·

391 3401 583 3496 ‘Flammeus
606 3405 689 3465 enim
712 3404 803 3467 color
817 3404 954 3486 primum
971 3403 1121 3462 matronis
1134 3412 1253 3474 tautum
1269 3394 1374 3461 licitus

330 3495 409 3569 crat,
431 3493 466 3568 ut
489 3487 528 3550 ab
551 3489 687 3569 innuptis
710 3488 976 3559 discernerentur.

398 3569 590 3645 ‚„Flammeus
610 3571 708 3637 vestie,
730 3573 772 3626 rel
791 3583 898 3645 tegmen
917 3587 971 3644 quo
992 3568 1081 3642 capite
1102 3579 1239 3697 utNetronlqe1
1252 3565 1375 3642 tegunt.“

421 3671 424 3680 ·
1143 3660 1187 3696 on.
1242 3662 1301 3696 une.

408 3742 440 3804 5⁰
460 3739 618 3801 Pronuhoe
645 3737 874 3801 comitabantur
894 3757 1006 3800 noram
1026 3747 1153 3817 nuptam
1181 3735 1271 3814 (vide
1293 3737 1376 3796 Pno-

333 3824 460 3904 ΜΕ),
493 3823 728 3906 mulierumque
756 3821 869 3900 turha,
902 3815 970 3902 quae
1003 3817 1057 3880 ubi
1089 3819 1225 3880 deducta
1256 3820 1290 3879 in
1320 3818 1377 3878 do·

258 3978 262 3988 ¹
331 3931 418 3972 mum
440 3907 543 3969 mariti
565 3921 651 3988 erat,
685 3925 793 3968 versus
815 3899 1030 3966 acclamabunt
1052 3901 1093 3963 ad
1113 3903 1276 3964 Venerem
1303 3922 1377 3982 pru-

261 4301 262 4308 *
294 4358 296 4368 .
341 4321 407 4370 rent
426 4309 531 4384 reete‘f

331 3996 449 4056 rientes
471 3990 560 4071 (vide
581 3993 778 4054 Fuscuumnr
798 3987 950 4069 tunsus),
979 3985 1214 4068 thalamumque
1241 3985 1377 4046 instrue·

332 4079 477 4232 banalem
497 4156 681 4211 embeeicutee
700 4154 862 4228 praeferebat
880 4154 984 4224 lecem3
1003 4156 1058 4221 ium
1074 4151 1158 4210 ebriae
1173 4150 1301 4206 mutieres
1320 4151 1378 4204 lun·

345 4251 410 4310 gum
429 4241 526 4308 agmen
545 4233 703 4305 plaudentes
722 4229 860 4301 fecerent,
885 4231 1088 4305 thalamumque
1106 4229 1209 4284 ineerta
1224 4241 1378 4310 tumuere·

1059 4345 1069 4373 )
1093 4381 1215 4434 Persou·
1237 4377 1299 4432 Sat.

416 4474 448 4539 6⁰
469 4474 591 4556 Spouso
613 4469 740 4538 taudem
761 4471 875 4536 tradite
895 4471 1031 4554 virgine„
1054 4467 1238 4554 choryphaei
1256 4466 1373 4552 epitha-

333 4559 428 4623 lamia
456 4557 624 4620 cantabant
651 4557 866 4642 obscenaeque
896 4554 1041 4638 strophas
1063 4575 1135 4618 cum
1157 4574 1273 4641 magno
1297 4561 1372 4614 stre·
