2962 5040
739 353 887 420 etet

410 482 509 585 Erant
529 530 633 582 autem
655 518 817 604 lupanaria
836 540 1029 606 puerorum,
1055 522 1301 608 patientiumque
1322 543 1378 588 ex·

305 676 307 685 ,
336 607 503 670 oletorum.
527 603 708 685 (vit-Coit
734 606 869 669 Theodec.
883 609 936 684 tx,
959 631 1016 684 vn,
1039 608 1085 690 b.)

408 692 449 752 Ut
469 687 639 751 internosci
660 692 787 772 possint,
809 692 929 752 tunicas
948 686 1110 774 gestabant
1124 691 1295 773 meritorii,
1318 690 1378 754 sed

336 795 408 838 cum
431 776 570 850 manicis,
594 795 682 834 more
702 776 880 834 mulierum.
924 777 1028 837 lndet‘

408 859 608 931 „Manulsstsm
627 859 745 912 tunicam
765 859 866 914 habers
885 859 1021 913 hominem
1040 858 1146 914 decet.“
1157 887 1159 894 ‚

876 933 975 988 Ptxur.
994 933 1130 988 Pseudol.
1143 933 1177 1002 ll,
1197 951 1234 1003 tr,
1255 933 1302 997 tt.

407 1006 567 1070 Pracduris
589 1020 620 1070 et
641 1008 773 1070 exoletis
796 1006 979 1089 pusionibus
1000 1011 1126 1087 inguina
1149 1009 1345 1072 levabantur.

315 1189 318 1196 ,
344 1090 606 1222 ..bittit
619 1091 1303 1240 bttt?'tlt'ittttftltf„tttbttt
1320 1111 1379 1224 :tt

345 1242 468 1312 lsreinr,
488 1249 606 1310 oratum,
627 1253 708 1316 atque
727 1243 894 1298 reductum.“

993 1317 1074 1374 Sucr.
1097 1318 1128 1372 ix
1148 1317 1230 1372 cath.
1253 1337 1299 1378 aa.

408 1391 641 1454 obscenissima
672 1390 806 1453 connexi
834 1403 942 1454 catena
970 1391 1003 1454 in
1031 1391 1202 1475 lupanariis
1224 1391 1379 1472 faciebant

236 1553 241 1566 .
334 1486 367 1538 et
386 1477 569 1558 patiebantur
590 1476 736 1555 catamiti,
757 1487 792 1536 ut
812 1476 1093 1560 summaquense.
1114 1487 1174 1538 nat.
1195 1483 1225 1539 in
1245 1489 1377 1539 extremo

334 1561 414 1622 libro.

407 1645 476 1698 Tres
494 1659 551 1696 uno
571 1639 599 1694 in
619 1641 705 1708 lecto,
726 1653 850 1715 stuprum
869 1644 926 1700 (luc
946 1640 1157 1716 perpetiuntur3

435 1719 471 1772 Et
489 1718 544 1772 (luo
564 1716 749 1771 committunt:
769 1731 890 1792 quatuor
907 1731 966 1773 etot
984 1736 1058 1773 reor.

405 1793 521 1848 Falleris
529 1811 538 1859 ς
559 1792 686 1846 extremis
704 1794 738 1846 da
758 1793 866 1867 singule
886 1793 1012 1861 crimina,
1033 1804 1058 1848 et
1078 1791 1156 1848 illum

444 1868 490 1922 Bis
508 1886 635 1922 numeres
655 1869 772 1922 medinm
792 1869 839 1942 qui
852 1867 937 1936 fucit
956 1880 983 1922 et
998 1869 1127 1938 patitur,

545 1945 644 1999 Auser.
665 1943 698 1996 de
718 1943 798 1998 Trib.
820 1943 924 1999 Incest.
946 1945 1055 2016 Epigr.
1080 1941 1182 2009 CXIX,
1208 1955 1217 1993 t
1241 1949 1302 2012 sqq.

249 2015 564 2096 AVUS-ATAVUS‚
596 2029 656 2078 etc.
680 2052 720 2064 -
742 2021 826 2081 lnter
847 2033 993 2101 parentes
1015 2027 1199 2079 enumerant
1222 2015 1378 2094 juriscon·

334 2101 407 2161 sulti
435 2102 556 2162 romani
583 2123 682 2172 avum,
709 2124 865 2182 proavum,
893 2115 1011 2164 atavum
1038 2114 1069 2162 et
1098 2107 1241 2161 tritorum.
1291 2099 1378 2158 lnter

225 2231 230 2240 .
333 2204 411 2245 vero
433 2183 563 2258 liberos,
583 2183 684 2261 filium,
705 2197 845 2268 nepotem,
862 2197 1063 2268 pronepotem,
1084 2185 1267 2265 abnepotem,
1287 2180 1377 2241 adne-

330 2278 428 2350 potem
450 2279 481 2329 et
502 2275 678 2350 trinepotem.
722 2271 836 2331 Caeteri
857 2271 985 2351 quidem
1008 2288 1115 2330 omnes
1137 2269 1191 2349 qui
1212 2285 1308 2346 supra
1324 2272 1378 2323 tri·

333 2359 447 2421 tasum,
468 2351 610 2433 generali
631 2353 773 2431 nomine,
803 2353 927 2431 majores
948 2363 1185 2436 nuncupantur3
1218 2349 1293 2410 dum
1325 2353 1378 2408 mi·

334 2455 427 2504 nores,
449 2436 501 2516 qui
523 2433 606 2496 infra
628 2442 805 2518 trinepotem.

196 2519 206 2558 t
407 2520 483 2590 „Aci
499 2530 524 2572 at
544 2520 627 2572 etant
645 2519 743 2590 nostri,
764 2536 847 2593 quum
867 2520 961 2575 allium
980 2531 1007 2576 st
1026 2538 1092 2594 ceps
1109 2517 1307 2576 sorumrsrbe
1322 2517 1378 2573 ole-

342 2605 413 2665 rect,
433 2605 523 2651 tamen
543 2595 645 2668 optime
664 2595 777 2652 animati
794 2599 901 2656 crant.“

899 2674 987 2732 vien.
1006 2671 1085 2743 apud
1101 2668 1177 2727 Non.
1198 2667 1302 2726 Marc.

737 2919 891 3007 etot

192 3189 197 3205 ,
248 3117 464 3189 BAB'YLON.
487 3151 526 3167 -ύ
549 3121 633 3185 Urbs
658 3123 814 3186 ehntdnae
837 3139 939 3208 caput,
961 3125 1118 3207 totiusque
1135 3122 1269 3205 Assyrite
1291 3118 1378 3203 prin·

325 3227 417 3289 ceps,
451 3205 678 3269 aNimbrotbe
710 3209 950 3272 autNimbroto
977 3209 1101 3272 condita
1132 3210 1226 3288 (Scor.
1248 3208 1317 3267 Litt.
1347 3209 1378 3267 et

334 3291 432 3352 Beros.
451 3292 480 3389 1,
514 3291 568 3372 3),
599 3292 846 3387 abemiramide
875 3316 953 3357 vero
982 3305 1173 3371 restaurata,
1207 3288 1378 3374 coctilique

333 3397 424 3436 muro
450 3388 697 3438 circummunita.
903 3435 904 3440 ,

406 3458 513 3521 Priori
536 3458 584 3521 illi
606 3459 826 3540 Semiramitli,
858 3465 946 3524 circa
968 3461 1111 3542 corporis
1133 3459 1251 3522 cultum
1283 3477 1380 3520 occu-

334 3555 428 3624 patae,
460 3564 555 3626 quum
580 3543 719 3605 defectio
743 3543 895 3622 Babylonis
915 3543 1058 3607 nunciata
1081 3555 1179 3626 esset,
1201 3541 1303 3602 soluta
1326 3541 1380 3601 ad·

237 3703 241 3712 ἱ
334 3628 398 3689 huc
421 3626 517 3689 altera
540 3639 627 3710 parte
649 3621 834 3710 capillorum
855 3628 998 3710 protinus
1022 3629 1059 3690 ad
1078 3647 1213 3710 pugnam
1230 3624 1380 3701 accurrit,

333 3732 394 3772 nec
425 3709 516 3794 prins
545 3733 667 3772 comam
696 3711 726 3772 in
757 3711 898 3773 ordinem
921 3711 1084 3790 redegisse
1109 3712 1192 3774 dicta
1216 3721 1263 3772 est
1284 3729 1379 3790 quam

335 3794 448 3856 urbem
470 3793 651 3876 recepisset.
694 3795 770 3858 Vid.
799 3797 859 3857 Vol.
882 3797 1032 3872 Manlii,
1056 3816 1085 3858 e.

421 3879 567 3942 Luxurias
587 3878 769 3942 materfuit
790 3881 936 3958 Babylon,
967 3878 1123 3963 inde-per
1142 3889 1242 3940 totum
1264 3874 1379 3936 orbem

338 3959 475 4025 diffusa.
513 3966 561 4024 Ex
577 3963 705 4043 publica
723 3963 918 4036 auctoritate,
940 3985 1054 4025 uxores
1073 3961 1267 4034 emebantur,
1289 3957 1379 4040 quod

336 4039 434 4108 hodie
459 4049 540 4127 apncl
566 4047 778 4110 Musnlmanos
799 4061 950 4114 servatur.
980 4047 1132 4130 (Polydor.
1163 4041 1240 4120 Virg.
1263 4041 1300 4104 de
1320 4044 1380 4108 Ro-

336 4155 400 4192 rum
420 4136 520 4191 invent.
533 4131 587 4212 lV,
609 4130 656 4210 lt.)

408 4217 478 4275 Mos
500 4228 531 4277 et
554 4226 621 4276 erat
642 4213 801 4290 foeminas,
833 4227 899 4277 tum
921 4225 1049 4299 nuptas,
1070 4225 1138 4274 tum
1159 4209 1316 4294 virgines,
1339 4228 1380 4271 ex
1463 4257 1464 4264 .

337 4298 469 4360 oraculo
497 4299 650 4381 quodam,
683 4298 898 4378 commisceri,
922 4299 985 4362 -slie
1016 4296 1099 4360 festo
1119 4291 1272 4373 Veneris,
1304 4313 1379 4354 cum

336 4379 513 4463 hospitibus
535 4396 566 4448 et
587 4383 835 4465 quibuscumque
858 4381 1044 4448 adventitiis.
1088 4379 1219 4444 biano
1244 4375 1379 4462 quisque
1462 4447 1463 4456 χ

336 4487 422 4526 suam
445 4464 639 4543 abducebat,
674 4467 744 4528 deta
766 4467 914 4550 pecnnia,
948 4487 1017 4552 quae
1049 4477 1119 4548 pott
1145 4475 1287 4546 stuprum
1308 4459 1379 4522 deae
1462 4465 1463 4502 l

240 4609 242 4620 ,
336 4546 546 4614 offerebatur.
569 4551 653 4636 (cot
673 4546 768 4614 Rbod.
780 4553 861 4634 Vlll,
883 4551 950 4635 ur.)
