2962 5040
716 335 869 408 AEGYP

240 515 243 524 '
302 513 307 522 ’
356 495 360 502 ”
378 503 435 580 „tt
453 505 526 562 teras
543 508 711 578 auscultate,
729 519 812 582 atqua
829 503 909 565 surra
927 509 978 566 lma
995 509 1081 580 aits,
1107 503 1150 568 llo
1168 507 1230 585 quia
1242 509 1351 567 vamen-

320 590 371 638 tor
387 583 501 658 gravior
519 583 597 641 abeat
616 603 696 657 quam
714 585 866 640 maculat!

838 660 940 718 Patra.
963 658 1078 714 Trucul.
1100 659 1122 728 l,
1142 677 1178 730 ιι,
1201 679 1212 716 ι
1234 677 1274 736 sq.

196 692 201 702 ’
228 731 517 810 comumnes
538 737 822 800 uenarutcuu.
847 769 889 783 -
910 735 1009 830 Quas
1030 733 1186 817 hospites,
1215 735 1270 816 qut
1298 756 1351 800 en

315 817 431 879 adeunt
458 838 497 878 ex
523 821 782 897 consuetudine,
800 832 833 882 et
852 821 903 882 rei
924 841 1027 883 causa.
1071 821 1193 884 Gallice
1213 819 1263 882 dea
1281 842 1352 902 pru-

269 946 273 960 ·
313 912 424 1056 thufs’i
442 1003 547 1058 equum
566 985 660 1056 lacius,
680 987 853 1041 adventores
871 1005 944 1042 maes
962 1004 1020 1042 non
1037 985 1172 1042 incuses.“

385 1135 480 1204 „Tune
507 1137 661 1190 exosculata
689 1138 827 1208 pressula,
838 1057 1353 1206 Pzgtsst.qz':¹¹i:=linlkgltsszokm

228 1257 231 1264 ,
320 1204 397 1296 basia
417 1209 527 1315 5⁸⁰¹!‘lg
548 1213 588 1265 rat
608 1215 783 1268 meretricum
805 1213 1018 1285 poscinummia,
1038 1214 1082 1268 val
1101 1213 1289 1266 adventorum
1308 1225 1354 1264 na·

321 1295 508 1355 mmm
990 1367 994 1372 '
1029 1360 1113 1416 Asuu-
1133 1358 1211 1414 Mat.
1235 1373 1276 1416 ιο.

229 1431 352 1492 AEDES
376 1434 628 1495 CARMENTAE.
650 1471 692 1485 -
713 1435 878 1520 Templum
900 1438 1010 1498 noma
1041 1459 1059 1498 a
1084 1435 1233 1498 matronis
1255 1427 1354 1494 aedifi·
1467 1479 1468 1486 ι

314 1527 416 1576 catum
438 1517 470 1576 in
491 1519 647 1598 proclivio
670 1521 783 1584 montis
805 1520 986 1602 Capitolini,
1015 1532 1048 1582 et
1068 1520 1183 1580 eodem
1204 1518 1276 1580 loco
1298 1514 1355 1576 ubi

307 1597 419 1660 suerat
441 1599 655 1666 habitaculum
677 1604 851 1674 Carmenta,
873 1605 980 1664 matris
1001 1602 1171 1665 Evandri.-

386 1684 568 1744 Petentibua
590 1688 717 1758 m'aritis,
738 1687 946 1768 prohibuerat
968 1697 1091 1748 senatus
1117 1683 1275 1768 quoddam
1298 1701 1355 1767 ge·

239 1805 242 1812 .
313 1786 370 1850 nus
399 1767 535 1829 vehiculi
568 1769 607 1828 ad
636 1791 725 1830 usum
756 1781 979 1831 matronarum.
1025 1768 1132 1834 Statim
1164 1781 1199 1829 ut
1226 1768 1287 1829 illae
1309 1770 1355 1828 le·

240 1905 245 1939 :
283 1853 387 1936 Jgem
409 1861 580 1926 noverunt,
613 1853 1019 1936 inaudita'conspiratione,
1051 1863 1224 1916 statuerunt
1251 1870 1355 1934 nequa

220 1944 235 2005 .'
314 1945 439 1995 uterum
462 1953 599 2018 gerere,
621 1955 723 2018 neque
747 1957 880 2018 parere,
902 1937 1041 2020 ideoque
1061 1937 1146 1997 viros
1170 1955 1243 1997 suos
1263 1955 1356 1996 recu-

314 2037 393 2089 sare,
419 2017 520 2078 donec
542 2021 692 2080 sententia
714 2031 897 2081 mutaretur.
941 2021 1015 2110 Quo
1037 2019 1140 2097 facto,
1169 2019 1356 2101 paulopost

224 2109 244 2128 ⁸·
313 2102 416 2162 mariti
439 2099 497 2184 ipsi
520 2104 784 2164 senatusconsulti¹
800 2103 1039 2189 abrogationem
1061 2113 1223 2185 rogarunt.
1266 2104 1356 2162 Tunc

226 2193 252 2206 ·”
314 2184 444 2268 placatae
476 2197 624 2247 matronas
653 2189 804 2268 templum
826 2188 995 2251 Carmentae
1014 2198 1170 2248 voverunt
1195 2197 1227 2247 et
1256 2181 1355 2244 adifi-

317 2281 476 2332 caverunt.
509 2269 665 2344 (Theseus.
694 2271 789 2353 Antiq.
820 2273 903 2331 Rom.
935 2272 983 2331 Gr·
1011 2271 1171 2332 Murcstell.
1202 2268 1238 2330 de
1265 2269 1356 2328 Ferus

226 2361 246 2390 '⁸'
315 2355 519 2421 Romanbrum,
540 2353 618 2414 Dtal.
631 2356 669 2422 5‚·
690 2355 781 2414 Faun
803 2353 838 2415 dc
857 2361 951 2437 Antiq.
973 2357 1050 2436 urb)

227 2459 237 2468 ·
376 2436 459 2502 ·Vid.
482 2438 725 2500 (inflammatum.

226 2519 392 2583 -AEDtclu
415 2553 457 2566 —-
478 2523 585 2582 Plebis
618 2522 711 2584 aun
738 2521 880 2586 officium
909 2535 978 2586 erat
1006 2519 1164 2601 tabernis,
1195 2517 1305 2608 ganeis
1324 2527 1356 2580 ct

314 2602 516 2689 lupanaribus
537 2606 723 2688 advigilare.
1376 2677 1379 2684 1

390 2687 538 2759 ,Virtutum
556 2691 587 2744 in
607 2689 709 2763 templo
728 2689 864 2761 invenias,
883 2688 912 2744 in
931 2688 1005 2755 furo,
1025 2687 1053 2743 in
1072 2687 1160 2759 eume,
1179 2704 1232 2762 pro
1250 2685 1354 2754 murias

308 2765 474 2838 voluptatem
495 2768 641 2821 latitantem
662 2766 758 2840 sapius
778 2783 812 2821 ac
829 2767 957 2821 tenebras
974 2774 1145 2835 captantem,
1163 2764 1237 2819 cirea
1255 2763 1356 2818 balnea

303 2845 340 2898 ua
358 2841 508 2910 sudatoria,
527 2859 561 2897 ue
581 2843 645 2897 loen
664 2844 775 2898 aedilem
794 2840 979 2895 metuantr'e.“

459 2925 462 2930 '
794 2916 894 2971 Serae.
916 2918 950 2970 da
971 2913 1046 2968 Vtra
1066 2914 1160 2984 beata,
1181 2915 1279 2987 eap·8.

387 2994 429 3052 Et
448 2991 540 3052 ctiam
562 2993 673 3054 scortis
695 3003 727 3054 et
747 2989 984 3052 meretricibus:
1017 2987 1123 3052 tabula
1155 2992 1237 3052 enlm
1272 2980 1356 3071 aputl

312 3073 431 3136 t'asbbm
461 3086 546 3148 erat,
576 3097 637 3158 qua
667 3073 919 3135 inscribebantur
947 3092 1017 3155 quae
1040 3087 1191 3156 questum
1211 3068 1356 3154 corporis
1401 3133 1405 3142 ,

314 3157 458 3241 profiteri
487 3159 663 3239 cupiebant.
707 3160 804 3220 Extra
826 3179 990 3219 numerum
1022 3169 1188 3238 vagantes,
1223 3155 1356 3240 pecunia

316 3240 557 3321 mulctabantur,
579 3255 611 3306 et
632 3244 725 3304 etiam
747 3241 870 3304 exsilio.
894 3241 1012 3321 (tus-tin
1023 3235 1065 3316 X,
1087 3242 1156 3320 31.)

389 3328 448 3387 Jus
486 3324 611 3388 dicebat
641 3327 730 3388 edilis
759 3326 798 3386 de
829 3329 932 3405 pretio
965 3324 1170 3403 concubitus,
1209 3333 1356 3406 tanquam
1412 3393 1417 3400 .

316 3410 431 3469 mercis
453 3411 639 3472 annonariae.
662 3411 766 3488 (Lacr.
787 3408 932 3488 Polymct.
947 3411 971 3485 l,
994 3409 1043 3490 ³.)

233 3489 446 3554 AEoluUUSJ
462 3524 502 3539 -
523 3495 622 3556 Poeta
652 3494 810 3563 arcticus,
843 3513 936 3575 quem
967 3501 1122 3577 memorat
1141 3492 1295 3576 Apuleius
1324 3489 1358 3554 in

318 3576 486 3660 Apologia,
509 3597 580 3639 cum
601 3579 718 3640 Porcio
741 3587 772 3639 ct
793 3577 915 3658 Catulo,
937 3597 999 3638 nou
1015 3578 1143 3638 'Catulla

157 3703 160 3708 ·
233 3673 426 3744 AEGYPTII.
450 3711 488 3746 -,
512 3680 650 3762 Insigucs
671 3689 761 3742 erant
790 3679 904 3762 puellae
926 3677 1073 3760 Qrptioe
1101 3677 1257 3760 protervis
1285 3674 1360 3740 sall·

317 3755 388 3837 bus,
409 3782 530 3827 necnon
554 3763 639 3826 suavi
662 3775 763 3841 cautu,
788 3761 1032 3843 mollissimaque
1052 3762 1225 3825 saltatione.

391 3847 485 3901 Bellus
506 3845 589 3904 bomo
608 3857 658 3914 ast,
678 3845 760 3902 flexos
781 3845 827 3920 qui
846 3843 947 3918 (ligarit
965 3845 1063 3900 ordina
1083 3845 1193 3918 crinas,
1285 3853 1293 3858 “

442 3919 567 3975 Balsama
586 3922 770 3994 quincunce,
790 3923 915 3976 cinnama
935 3937 1043 3994 semper
1062 3921 1134 3991 ulat3

377 3994 508 4051 'Cantica
527 3991 574 4069 qui
593 3993 670 4064 Nili,
689 3996 736 4070 qul
757 3997 892 4053 Gaditana
912 4007 1046 4050 susurrat.
1159 4023 1161 4028 ·

899 4067 992 4129 Maur.
1015 4057 1061 4139 Ill,
1081 4087 1164 4136 ιιιιι,
1185 4060 1205 4124 3'
1221 4081 1281 4144 sqq.

355 4155 358 4162 “
386 4145 438 4214 „Et
461 4144 573 4200 adduxit
591 4161 682 4201 ascum
702 4143 869 4212 attilicinus
889 4157 916 4202 at
935 4145 1107 4202 tibicinas...
1128 4157 1154 4200 at
1173 4145 1263 4200 omnia
1280 4147 1359 4200 'mau-

253 4247 258 4274 ς
310 4219 448 4349 tsinistrum
470 4235 590 4295 genart,
621 4237 739 4295 φισιιιιιι
758 4221 842 4296 Syria
866 4231 894 4279 at
912 4219 1103 4276 Alexandria
1122 4219 1244 4294 pascitur
1262 4220 1360 4293 vulup-

322 4311 338 4348 a
367 4331 374 4346 .

985 4369 1115 4430 Cautum..
1138 4371 1167 4426 t'n
1190 4367 1281 4426 Verr.
1380 4418 1386 4432 .

342 4408 344 4416 .
394 4440 565 4515 ,finetenus
584 4443 608 4500 si
627 4444 691 4520 quid
706 4441 832 4504 liemtius
850 4431 977 4506 dixerint.
1018 4449 1113 4503 Verba
1131 4464 1167 4501 na
1184 4441 1360 4499 Alexandri·

312 4518 360 4573 nis
378 4519 486 4594 quidam
504 4519 636 4594 permissa
654 4522 775 4596 deliciis,
794 4522 856 4580 risu
873 4533 901 4581 at
915 4524 1009 4580 osculo
1024 4521 1200 4599 excipimus.“
1219 4517 1358 4597 (Quintil.
