2932 5052
699 323 845 398 PUDB

434 493 590 552 vilereiiuot
609 493 670 550 eino
688 491 743 550 dne
756 493 925 567 prurientes

434 569 565 626 Leeeivoe
584 569 666 626 dooili
682 581 803 626 tremore
820 571 937 630 ienbtte.

798 645 892 706 dhar.
910 647 944 716 V,
963 662 1083 718 umes,
1102 643 1138 703 ad
1157 661 1216 722 sqq.

435 735 516 810 Quod
536 737 599 793 totie
618 738 685 794 naiiri
703 737 831 795 nootibue
851 737 966 814 fatigent

433 813 534 867 Vininae
554 815 612 868 eine
630 813 683 869 tine
699 817 868 884 prurientes

433 886 532 943 Vernis
551 891 706 962 passeribue
723 889 878 946 eeieoioree.
1330 920 1334 936 ·

361 991 365 1010 ι
768 963 870 1032 Preiap.
891 961 991 1016 Cam.
1011 961 1101 1032 XXV,
1120 961 1137 1018 ³
1157 979 1216 1039 sqq.

366 1037 409 1098 Et
429 1055 510 1118 eope
531 1057 591 1120 pro
614 1059 682 1101 rem
704 1041 802 1122 ipsam
823 1037 944 1100 faeere.

360 1118 433 1195 Quid
452 1119 518 1173 serit
539 1121 581 1189 ie,
602 1121 688 1190 Gelli,
709 1123 756 1197 qui
775 1139 836 1178 euen
857 1130 943 1176 matre
961 1129 1042 1194 etque
1060 1138 1159 1178 sorore

398 1193 516 1264 Prorit,
535 1207 562 1252 et
581 1199 691 1270 abieotie
711 1198 855 1272 pervigilat
874 1192 994 1252 tunioiei

815 1271 935 1330 Gerunu.
956 1271 1116 1342 LXXXIII,
1139 1289 1150 1328 e
1172 1287 1214 1346 eq.

209 1342 410 1410 PRURIGO.
431 1381 473 1415 -,
493 1345 602 1408 Ardor
623 1367 787 1411 venereus.

358 1426 470 1484 Paenitet
489 1430 612 1485 obscenae
626 1429 824 1502 pruriginis?
842 1447 878 1486 en
897 1428 982 1503 megin
1000 1427 1068 1484 illud

394 1503 471 1574 Fies,
490 1506 565 1578 qnod
582 1505 697 1578 persidi,
717 1506 828 1579 Popile,
848 1502 982 1560 desieris?

837 1580 930 1636 Mene.
949 1579 996 1646 tv,
1015 1595 1118 1644 uerene,
1138 1575 1154 1630 i
1173 1592 1215 1648 eq.

202 1631 447 1734 rnumsnus
469 1671 599 1732 enne.
623 1705 664 1720 -
685 1673 893 1736 emmeno
913 1670 1028 1756 ιμῑὴω
1047 1667 1172 1734 lascivo
1192 1666 1332 1733 mneo-

289 1775 347 1820 net
368 1752 592 1818 excitabantur.

358 1839 492 1912 Cymbala
512 1855 574 1892 enen
593 1839 714 1904 oroteiie,
731 1837 904 1910 prnripine'e
923 1853 1019 1904 ormo,
1039 1833 1141 1909 Priepo

394 1914 492 1982 Ponit,
512 1924 538 1967 et
557 1913 673 1984 eddeote
692 1926 818 1984 tympene
838 1915 916 1984 polee
936 1930 1028 1967 menet.

355 1988 411 2043 Pro
430 1988 545 2060 qnibnn,
566 1998 595 2041 ut
615 2006 723 2060 semper
742 1989 848 2060 pleoeet
867 1989 1066 2060 epeoteutibue,
1084 1993 1157 2056 eret,

392 2064 531 2136 Tantaque
550 2063 585 2117 ed
604 2066 757 2138 exemplum
777 2063 811 2116 eit
829 2081 878 2117 ene
897 2064 980 2118 turbe
998 2063 1050 2117 dei.

762 2135 866 2209 Priap.
884 2138 983 2192 Carne.
1003 2135 1101 2204 XXVI,
1121 2133 1138 2189 3
1157 2149 1216 2208 sqq.

207 2226 377 2306 Psucee.
399 2263 441 2276 -
462 2226 631 2310 Ornatrix:
655 2250 768 2292 nomen
790 2229 830 2292 ab
852 2241 920 2292 arte
941 2229 1136 2312 impositum,
1167 2223 1255 2308 quod
1276 2245 1332 2289 or·

200 2351 205 2362 ·
291 2311 426 2375 natrices
456 2313 616 2386 paululum
651 2315 753 2376 crines
785 2313 1021 2395 componendos
1053 2309 1242 2374 irrorabant.
1295 2310 1330 2372 A

289 2417 398 2485 graeeo
422 2395 593 2484 ψὲιιαέειν,
614 2405 750 2458 ηιὶηιιῑιιηι
769 2402 901 2472 irrepere.

339 2479 341 2484 ’
363 2481 482 2544 Veneri
506 2479 632 2544 istabant
653 2481 815 2563 pleraeque
834 2477 985 2562 precedes,
1005 2489 1040 2540 ut
1061 2487 1146 2561 patet
1166 2497 1205 2541 ex
1225 2475 1331 2542 veteri

294 2561 417 2646 lapide:
438 2585 568 2628 veneni.
591 2584 724 2627 secerne.
747 2583 863 2626 cesses.
886 2585 908 2624 ι.
930 2585 952 2624 ι.
977 2583 1100 2626 estrees.

354 2646 485 2718 Disponit
503 2648 616 2715 crinem,
637 2647 761 2702 isseretio
780 2647 838 2717 ipee
857 2645 971 2716 oapiiiin,

355 2722 435 2778 Nuda
455 2724 583 2778 humeroe
599 2739 701 2794 pereae
719 2721 828 2790 infelix,
849 2721 983 2794 medieque
1001 2719 1136 2778 maenidia.

948 2795 1011 2851 Juv.
1030 2794 1075 2866 Vi,
1097 2805 1151 2867 ⁴90
1170 2811 1212 2868 eq.

205 2859 412 2933 PSOLEOS.
436 2904 475 2917 -
498 2871 624 2953 Verpus
645 2871 743 2953 penis,
766 2865 912 2956 ψώλεος·

354 2953 479 3009 Peoleon
498 2953 542 3008 iile
564 2966 659 3021 vocet,
681 2955 755 3029 quod
773 2972 824 3009 noe
836 2954 987 3023 prolocuta
1005 2970 1154 3026 vocentue3

392 3029 423 3083 id
442 3031 515 3104 qnod
535 3047 586 3084 noe
606 3031 714 3098 ouium,
733 3030 831 3084 enieon
849 3028 897 3082 itte
915 3038 1005 3086 voest.

744 3103 852 3173 Priape.
875 3104 974 3158 Carere.
995 3099 1118 3174 vatlt,
1138 3101 1156 3158 5
1175 3120 1215 3178 sq.

206 3175 353 3240 PUBES.
374 3195 416 3224 -'·
440 3177 571 3258 Lanugo
592 3175 823 3259 pudendorum.

430 3260 506 3314 intre
526 3257 631 3315 eiecere
650 3261 718 3316 iuris
737 3260 787 3315 ibit
806 3277 891 3332 nsque

430 3335 470 3389 td
487 3335 606 3406 pubem,
626 3334 808 3409 oepnlunique
827 3338 977 3391 eoleorunt.

773 3411 878 3481 Prinp.
898 3410 1002 3464 earm.
1020 3409 1122 3481 XXIV,
1142 3407 1160 3464 6
1178 3425 1220 3484 eq.

428 3481 522 3537 Pedes
538 3485 611 3550 pube
629 3485 682 3540 levi
704 3485 905 3541 enbei'rioetnr.

354 3557 466 3616 Viennae
485 3558 546 3630 pino
565 3559 715 3632 gintinetur
733 3562 790 3617 heeo
808 3561 881 3616 heio·

459 3633 510 3689 Ba·
532 3635 737 3706 Wrgilioeent.
758 3637 870 3690 incerti.
892 3651 932 3688 en·
949 3632 1071 3688 Petron.
1091 3631 1250 3688 Linoeere'i.

204 3724 387 3790 PUBLICA
408 3725 503 3800 v1A3
525 3726 729 3788 PUBLICUS
745 3726 892 3789 LOCUS.
915 3759 956 3771 -·-
977 3729 1134 3808 Luponar.
1174 3723 1330 3821 Quicum·

289 3828 352 3891 que
374 3805 465 3904 loeus
486 3809 518 3869 in
539 3829 602 3906 quo
624 3810 790 3905 vulgivage
811 3831 908 3872 venus
930 3811 1088 3905 agitatur..

299 3889 804 4040 ῼυίξρέιιιὲἀΙίἵῗειιιιηίιῗᾚιῑιιιὶο,ῖί
813 3893 1152 4042 iiptggssffiunppopffi,
1167 3895 1332 4020 liieeeieonirne⁸

298 4059 467 4116 quemqnam
483 4042 603 4110 publica
620 4043 756 4114 prohibet
775 4044 853 4098 oin.“

791 4119 889 4173 Pneur.
911 4117 1029 4177 Coroni.
1050 4117 1073 4188 1,
1093 4136 1115 4184 r,
1136 4114 1171 4171 st
1190 4131 1248 4187 sqq.

206 4205 422 4290 PUDENDA.
444 4243 485 4256 —
505 4210 604 4273 Vultu
622 4209 756 4273 solemni
773 4223 955 4273 consecrata
973 4209 1054 4292 apud
1073 4208 1225 4295 antiquos,
1246 4225 1331 4288 prae-

292 4288 384 4369 cipue
413 4290 453 4354 ab
475 4294 626 4378 AEgyptiis
652 4294 684 4355 in
714 4293 868 4356 honorem
891 4292 1004 4358 Osiris.
1046 4291 1220 4356 Trucidato
1242 4292 1330 4352 enim

291 4370 349 4432 illo
371 4395 389 4434 a
410 4372 510 4444 fratre
530 4373 720 4458 Tryphone,
750 4375 879 4460 corpori
902 4376 970 4460 ejus
998 4377 1125 4440 invento
1156 4371 1333 4436 defuerunt

291 4454 406 4533 virilia,
427 4469 539 4540 atque,
560 4480 600 4521 no
622 4458 663 4521 ad
684 4459 851 4542 sepulturae
874 4459 1129 4523 desiderarentur
1149 4457 1332 4520 solemnita-

231 4621 238 4630 ν
291 4547 375 4616 tem,
406 4538 524 4620 jussum
553 4553 600 4606 est
627 4541 667 4606 ab
688 4542 772 4606 Iside
800 4541 943 4628 effigiem
972 4563 1084 4607 eorum
1114 4562 1175 4626 per
1202 4540 1326 4625 plateas
