2962 5046
231 321 296 386 ild
718 313 863 380 LUPA

305 514 308 524 ·
350 557 357 572 1
390 481 469 588 t,tlon
486 479 595 554 unito,
620 495 673 538 aar
688 480 807 540 obscura
832 479 1294 558 transbumbranam
1311 501 1357 544 su·

322 565 391 630 pm·
858 632 958 688 Ssnee.
976 633 1096 690 chsta
1113 633 1212 708 beatu,
1234 637 1280 699 ab.

388 708 455 769 Imo
477 721 509 770 et
530 705 714 770 meretrices
736 704 892 790 obnuptae.

383 792 495 850 Sumere
513 801 672 848 nocturnos
691 791 821 847 meretrix
839 795 959 866 Augusta
977 793 1111 850 cucullos.

390 941 528 1014 „Thamar
550 939 598 995 illa
624 957 684 1012 que
709 955 739 994 sa
763 868 1166 1012 expinxerrr‚llrl0'trll’t¹r¹all
1198 941 1354 1016 suspicione

324 1015 387 1074 sisa
405 1026 445 1070 ast
464 1016 578 1088 questui
598 1016 711 1080 sedere,
731 1015 800 1070 adso
819 1016 884 1088 quia
902 1018 952 1075 sub
972 1020 1123 1076 velamento
1143 1019 1260 1090 latebat,
1275 1019 1355 1075 habi.

328 1103 372 1148 tus
390 1091 519 1166 qualitate
540 1089 729 1163 questuariasn
749 1091 920 1144 mentieuts.“

650 1166 786 1222 Trarutr..
805 1166 840 1218 da
860 1165 1166 1241 Caltufoemr'narem,
1184 1187 1208 1224 a.
1232 1185 1276 1232 rs.

392 1265 423 1331 4⁰
449 1258 483 1318 lu
513 1255 704 1319 solemnibus
731 1259 962 1339 lupanariorum,
994 1260 1116 1336 idest,
1148 1280 1244 1342 quum
1273 1281 1356 1326 nova

315 1341 422 1428 puella
441 1343 694 1421 prostitueretur,
714 1339 840 1403 foribus
861 1356 949 1405 extre
960 1343 1116 1406 ¹laureatis
1133 1346 1270 1408 lucernae
1286 1365 1355 1406 sus·

313 1423 543 1579 peniglrlobllll
556 1508 589 1562 de
615 1509 697 1572 janua
725 1509 846 1564 laureata
865 1521 892 1566 st
910 1510 1078 1580 lucernata,
1094 1520 1125 1566 ut
1143 1509 1177 1566 ds
1194 1527 1269 1566 novo
1287 1527 1354 1568 eors-

232 1587 235 1596 '
326 1583 437 1640 sistorio
454 1583 598 1638 libidinum
617 1583 814 1653 publicarum.“

301 1661 304 1668 ’
522 1670 524 1678 '
872 1661 1012 1720 Testruna.
1033 1661 1069 1714 lll
1087 1662 1128 1715 ad
1144 1676 1277 1714 uxorem.

391 1751 473 1811 Usus
494 1749 575 1811 enim
598 1761 666 1810 erat
685 1746 717 1811 in
739 1751 869 1836 nuptiis,
894 1773 1015 1834 sponsae
1037 1752 1165 1816 domum
1185 1749 1356 1816 frondibus

317 1847 442 1898 oluere.
485 1833 561 1892 Inde
582 1855 685 1893 amara
707 1833 761 1895 ille
783 1837 943 1898 luvenalis
962 1835 1083 1898 irrisio:
1168 1881 1180 1900 1

382 1916 489 1988 Accipis
509 1935 622 1970 uxorem
639 1917 672 1969 de
691 1934 745 1990 qua
763 1917 925 1972 citharoedus
945 1920 1052 1974 Echion
1288 1981 1289 1988 ,

382 1996 436 2049 Aut
454 1992 612 2064 Glaphyrus
631 1991 678 2045 liat
697 2003 784 2063 pater,
803 1993 1015 2066 Ambrosiusque
1033 1993 1189 2050 choraulas.

381 2070 478 2140 Longa
499 2077 694 2138 perangustus
715 2065 825 2138 figamus
845 2069 951 2140 pulpita
969 2070 1061 2136 vicos,·

383 2142 534 2196 ornentur·
549 2147 644 2209 postes
664 2148 693 2195 et
710 2143 826 2212 grandi
840 2148 934 2212 janua
953 2143 1046 2210 lauro,
1067 2155 1117 2199 sto.

975 2217 1038 2274 Jur.
1058 2218 1102 2287 Vl,
1125 2215 1159 2288 76
1178 2234 1237 2291 sqq.
1323 2217 1326 2222 '

389 2291 422 2354 5ο
445 2293 530 2352 lutus
552 2310 650 2365 vero,
673 2288 877 2352 subterranea
900 2290 1010 2355 domus
1031 2295 1064 2354 iu
1085 2293 1216 2356 cellulas
1237 2292 1354 2373 partita

315 2389 394 2457 crat,
416 2387 450 2435 ut
470 2396 551 2434 nunc
571 2385 640 2433 sunt
662 2374 744 2436 sedes
766 2373 1004 2437 monachorum.

385 2461 440 2528 „lc
456 2476 492 2512 ua
510 2459 583 2530 quod
603 2475 659 2512 non
678 2457 866 2534 manubiarum
885 2476 970 2532 genus
989 2459 1170 2530 experiretur,
1191 2455 1353 2526 lupanariae

324 2534 427 2608 palatio
456 2534 609 2587 constituit:
638 2533 823 2606 distinctisque
849 2543 876 2586 st
905 2534 1042 2590 instructis
1074 2553 1126 2607 pro
1150 2534 1196 2588 lici
1217 2534 1351 2608 dignitato

325 2607 521 2679 templaribus
539 2609 635 2674 cellis,
651 2607 680 2661 in
699 2607 797 2680 quibus
816 2617 947 2685 matrone
966 2609 1131 2682 ingenuique
1150 2610 1280 2664 starent.“

891 2683 1008 2739 Sueten.
1029 2686 1060 2739 t'ts
1080 2685 1208 2756 Caligul.
1230 2692 1276 2747 ts.

387 2756 473 2824 Vide
493 2757 579 2818 Dion.
602 2757 647 2817 tt.
660 2755 747 2818 XIX.

420 2841 528 2896 lutrasti
549 2840 654 2914 quoties
674 2841 810 2912 inscripta
827 2839 919 2896 limina
939 2841 1028 2909 cette,

458 2917 511 2974 seu
531 2933 601 2989 puer
619 2915 721 2986 arrisit,
741 2917 797 2971 sive
814 2917 903 2990 puella
925 2915 982 2970 tibi.

881 2990 973 3046 Mser.
992 2989 1041 3060 Xl,
1061 3001 1137 3059 xtvt,
1160 3011 1170 3046 s
1195 3005 1237 3062 sq.

390 3063 422 3128 6⁰
441 3063 634 3145 Cuicumque
662 3081 762 3145 puero
792 3077 844 3128 aut
873 3067 1034 3128 meretrici
1061 3087 1115 3126 sua
1143 3077 1265 3146 crypta,
1299 3063 1353 3126 cui

237 3155 240 3170 '
317 3167 431 3211 nomen
456 3148 523 3226 ejus
546 3149 790 3228 superscriptum
811 3161 878 3209 eret
900 3171 971 3210 oum
992 3139 1093 3230 pretio
1115 3151 1224 3230 stupri.

383 3233 506 3303 „Nomen
524 3239 600 3284 tuum
619 3227 745 3304 pependit
764 3230 793 3284 in
812 3231 918 3304 fronte;
939 3233 1032 3286 stetisti
1051 3245 1112 3286 curn
1131 3231 1351 3286 mer·strioibus.“

934 3307 1032 3362 Sento.
1052 3307 1187 3362 controv.
1208 3307 1228 3375 l,
1249 3325 1273 3360 s.

384 3379 533 3451 „Meretrix
552 3390 648 3434 vocata
667 3397 705 3448 es,
725 3380 753 3434 in
774 3381 911 3436 communi
930 3383 991 3436 loos
1012 3381 1121 3453 stetisti,
1150 3381 1352 3452 superpositus

327 3461 372 3511 est
390 3455 464 3511 celloe
480 3463 540 3509 tuoe
558 3457 683 3522 mules,-
703 3455 840 3510 vanientes
859 3456 1014 3530 recepisti.“
1302 3453 1305 3465 '

400 3579 404 3594 ,
1085 3531 1183 3590 Senes.
1206 3529 1276 3589 ibs’al·

385 3603 448 3672 Sed,
467 3603 575 3676 nigrum
595 3603 667 3664 flavo
686 3603 789 3658 crinem
808 3605 995 3661 abscondente
1012 3606 1116 3679 galero,

383 3680 499 3734 Intravit
517 3679 632 3734 calidum
654 3680 739 3732 veteri
760 3692 873 3734 cantone
893 3683 1021 3752 lupanar,

385 3745 544 3808 listellam
565 3771 677 3808 vacuam
697 3764 778 3826 atque
798 3773 886 3809 auam:
906 3766 972 3810 tunc
990 3755 1062 3809 nuda
1081 3753 1191 3828 papillis

384 3827 508 3884 Prorutis
526 3829 639 3898 aeratis,
659 3829 780 3883 situlam
799 3830 909 3886 mentita
927 3830 1057 3902 Lyciscae

658 3953 661 3960 .
950 3904 1014 3962 lut.
1035 3903 1085 3968 Vl,
1109 3921 1160 3956 rao
1178 3915 1238 3976 sqq.

384 3979 496 4049 „Puella
520 3976 672 4050 prosternit
701 3995 730 4031 se
755 3978 789 4032 ad
809 3979 908 4044 pedes:
934 3980 1068 4038 Miserere
1092 3976 1255 4050 virginitatis
1274 3993 1351 4043 mess,

327 4066 363 4110 ns
388 4053 535 4125 prostituas
562 4052 615 4106 hoc
641 4070 741 4124 corpus
768 4054 818 4107 sub
845 4064 899 4107 tam
919 4054 993 4126 turpi
1013 4053 1117 4110 titulo.
1146 4053 1221 4106 Leno
1240 4051 1353 4114 vocarit

329 4127 450 4186 villicum
469 4129 630 4200 puellarum,
650 4139 678 4180 st
695 4129 749 4182 ait:
781 4127 886 4183 Ancilla
905 4139 1062 4194 exornetur,
1083 4127 1219 4182 scribatur
1238 4127 1263 4180 ei
1281 4127 1353 4180 tita-

327 4205 389 4257 lua.-
409 4202 576 4277 Quacuupus
597 4204 721 4256 Ttastars
738 4215 967 4271 nereensvsrrr,
995 4219 1102 4258 uentura
1129 4215 1235 4257 usstass
1255 4219 1350 4257 umas.

327 4279 432 4335 Postea
449 4295 554 4334 roruuo
574 4295 688 4332 raresrr
707 4295 743 4330 nn
762 4296 892 4334 srrscuuos
912 4295 1035 4337 sournos.

476 4368 478 4376 ’
564 4353 784 4424 Sturnostsnes,
805 4356 836 4408 r'n
856 4353 994 4408 Historia
1013 4351 1159 4424 Apollonii
1179 4350 1275 4420 Tyrii.

390 4427 583 4504 7⁰Pretium
616 4430 715 4510 stupri
741 4429 774 4488 iu
804 4429 1015 4510 lupanaribus.
1059 4429 1090 4488 Ε
1117 4426 1208 4488 titulo
1235 4423 1351 4488 Tarsis}

319 4521 438 4574 constat
456 4515 592 4592 pretium
614 4511 748 4594 duplex,
779 4513 919 4595 scilieet,
947 4521 1007 4596 pro
1028 4510 1231 4594 defloratione,
1256 4507 1352 4572 meula
