2962 5040
664 340 793 418 ussi
1246 363 1292 424 ω

152 521 425 676 BALNEAlllbllS.
442 638 484 650 --
499 607 704 684 Instrumenta
722 606 896 675 balneorm,
914 617 950 667 ut
965 605 1112 690 strigiles,
1127 607 1286 690 ampullae,

240 685 360 760 oleum,
383 689 471 750 lintei
493 689 531 751 ad
555 689 797 770 abstergendum
819 709 944 770 corpus,
967 701 1025 750 etc.

317 771 394 846 „lien
413 773 502 828 adbuc
521 791 563 826 me
584 773 719 846 loquente,
739 790 821 826 manu
842 771 955 827 firmiter
973 773 1073 839 injecta
1092 771 1179 844 Milo,
1206 773 1283 840 luerit
1385 828 1396 848 ,

250 845 440 902 balnearibus
458 847 581 922 adsequi,
601 847 733 919 podunit
751 847 785 901 ad
805 847 944 902 lavacrum
964 847 1144 976 proximatl
1160 923 1197 977 m

992 941 1050 975 run.
1141 961 1147 975 .
1199 963 1204 974 .

153 993 321 1058 Bam.
344 1029 384 1044 -
407 995 596 1058 Sacerdotes
618 997 772 1076 Cotyttus,
804 995 871 1057 deae
894 997 1111 1078 impudicitiae,
1133 999 1184 1058 cui
1208 1017 1282 1060 noc·

236 1091 329 1140 tunna
351 1098 439 1140 sacra
461 1079 674 1162 peragebant,
707 1080 938 1154 saltationibus,
975 1081 1058 1140 omni
1087 1079 1281 1162 voluptatum

237 1163 350 1248 generi
366 1163 575 1244 indulgentes.
611 1163 694 1224 Dicti
715 1163 820 1243 Baptae
843 1185 859 1223 a
884 1183 988 1244 graeco
1011 1159 1162 1239 βάπτειν,
1183 1165 1281 1246 quod,

242 1246 297 1326 qui
319 1247 413 1306 sacris
435 1247 573 1327 Cotyttus
594 1245 812 1326 initiabantur,
844 1267 922 1328 aqua
945 1247 1046 1309 calida
1075 1250 1281 1332 tingerentur.

238 1327 314 1396 vid.
339 1329 499 1390 Corui-ro.
1263 1333 1268 1340 '

310 1415 345 1472 ln
365 1412 477 1493 Bupias
499 1409 684 1473 comoediam
707 1412 830 1493 scripsit
850 1409 1000 1495 Eupolis,
1031 1434 1124 1496 quam
1151 1411 1281 1476 illorum

234 1496 362 1556 nomine
392 1495 577 1577 appellavit,
609 1507 640 1554 et
662 1500 693 1552 in
715 1515 775 1576 qua
798 1495 944 1557 libidines
967 1517 1077 1557 eorum
1098 1497 1278 1580 promulga-

234 1580 297 1656 vit;
330 1599 391 1660 qua
415 1580 455 1640 de
481 1599 518 1638 re
541 1578 683 1651 accensi,
711 1597 789 1658 opus
812 1591 843 1640 ct
864 1592 1025 1640 auctorem
1046 1584 1078 1640 in
1097 1601 1185 1642 mare
1206 1579 1279 1642 sub·

234 1673 421 1724 merserunt.
465 1662 540 1728 vid.
562 1661 638 1720 Sura
658 1672 689 1720 et
709 1661 845 1722 Politian.
870 1663 1028 1723 Miscellan.
1048 1685 1111 1746 cup.
1123 1667 1162 1726 ΙΙ.

358 1745 438 1799 Talia
458 1757 562 1800 acereta
582 1746 725 1799 coluerant
745 1745 822 1815 orgia
842 1746 909 1800 tuda

358 1799 521 1894 Cebropiam
541 1821 616 1876 soliti
634 1819 742 1888 Bapioe
760 1821 860 1875 laniare
880 1821 1001 1894 Cotytia.

975 1896 1035 1952 Jur.
1049 1895 1083 1964 ll,
1102 1913 1134 1966 pi
1159 1913 1198 1969 iq.

306 1969 391 2030 Hinc
412 1971 508 2051 bupiie
529 1986 590 2049 pro
611 1967 760 2032 mollibus
782 1981 813 2031 et
837 1969 1012 2051 impudicis.

145 2051 427 2114 BdRATHRUM.
451 2086 492 2098 -
513 2055 643 2126 Nomen,
658 2073 823 2114 commune
845 2055 926 2132 apud
951 2055 1095 2130 Graecos,
1118 2073 1177 2135 pro
1199 2071 1277 2134 quo·

231 2136 277 2198 vis
307 2138 380 2198 loco
410 2155 486 2197 cavo
519 2148 551 2197 et
580 2136 758 2219 profmid03
791 2135 830 2196 ab
857 2139 990 2198 Horatio
1020 2137 1202 2197 translatum
1234 2135 1275 2196 ad

232 2221 431 2280 stomachum
464 2217 639 2300 helluonis;
671 2243 688 2284 a
718 2220 859 2282 Martiale
890 2232 1072 2302 usurpatum
1104 2240 1163 2302 pro
1196 2219 1275 2280 locis

227 2302 456 2366 muliebribus:

295 2384 367 2461 Quid
388 2403 449 2442 curn
461 2385 603 2452 foemineo
623 2385 681 2452 tibi,
703 2386 798 2442 Baetice
818 2387 907 2451 Galle,
928 2383 1092 2440 barathro?

331 2461 393 2517 Hac
413 2461 492 2518 debet
511 2461 613 2518 medior
633 2463 753 2518 lambere
772 2463 864 2536 lingua
885 2462 967 2516 viros.

834 2539 924 2592 Mirr.
939 2535 983 2602 ΙΙΙ,
1004 2553 1096 2600 cxxxi,
1121 2547 1130 2584 t
1155 2549 1194 2605 tq.

142 2607 301 2678 BARBA.
325 2644 366 2656 -
386 2609 543 2672 Primitias
565 2613 661 2672 berbin
682 2611 882 2692 deponebant
902 2612 1042 2694 juvenes,
1069 2613 1179 2688 magna
1201 2625 1272 2666 cum

228 2693 413 2756 celebritate
436 2695 653 2758 conviviorum
674 2707 706 2756 et
727 2688 887 2772 ludorum,
910 2694 941 2754 in
964 2691 1106 2754 solemne
1122 2689 1271 2752 indicium

226 2775 347 2861 adeptae
369 2778 533 2839 virilitatis.

328 2861 388 2916 Lux
408 2862 457 2916 tibi
477 2871 539 2934 poa
558 2861 621 2918 ldui
639 2871 801 2916 numeratur
820 2860 900 2916 tertia
920 2859 1019 2930 Maias,

366 3011 450 3066 Libet
468 3011 595 3070 florentes
614 3011 670 3067 bec
688 3011 740 3067 tibi
759 3011 847 3086 prima
868 3028 957 3082 genai.

847 3087 940 3142 Mani.
954 3084 1001 3148 ΙΙΙ,
1021 3103 1061 3150 vr,
1083 3097 1094 3134 ι
1117 3091 1144 3134 et
1164 3090 1190 3142 i.

138 3159 395 3222 BARBATULl.
417 3191 459 3204 -
480 3163 616 3224 Juvenes
638 3162 749 3222 molles
769 3174 801 3223 et
814 3162 932 3236 lascivi,
953 3163 999 3221 sie
1017 3157 1164 3219 irrisione
1181 3152 1267 3229 dieti,

226 3243 312 3326 quod
341 3246 474 3325 primam
506 3245 557 3306 die
583 3246 762 3332 lanuginem
790 3244 972 3323 servabant,
1003 3255 1040 3304 ut
1068 3239 1270 3302 delicatiores

221 3327 416 3391 viderentur.

296 3409 521 3482 „concursabant
539 3409 690 3466 barbatuli
706 3413 825 3482 juvenes,
844 3421 918 3466 totus
937 3409 983 3464 ille
999 3425 1066 3482 grex
1086 3405 1237 3464 Catilina.“
1277 3379 1280 3386 Ι

468 3491 470 3496 ’
857 3485 919 3542 Cre.
943 3487 983 3538 ad
1000 3489 1062 3540 Ait.
1079 3482 1101 3551 l,
1121 3494 1188 3538 xiii.

136 3559 331 3628 Bastiae,
359 3591 401 3617 ·-.-·
427 3560 479 3621 De
507 3576 704 3642 quacumque
731 3580 848 3628 venere
878 3562 1014 3641 dictum,
1046 3569 1079 3622 et
1106 3556 1266 3638 voluptate

222 3643 316 3712 etiam
336 3642 546 3725 spurcissima.

364 3727 418 3780 dut
438 3743 523 3797 quam
543 3725 631 3782 nidere
649 3728 744 3788 multa,
764 3744 847 3798 quam
867 3736 938 3784 treet
955 3741 1020 3795 nor,

361 3801 489 3856 Furtivus
508 3801 648 3856 bominum
669 3803 760 3862 vident
778 3820 895 3872 amores,

324 3893 327 3898 ·
363 3877 431 3930 Tam
452 3887 477 3930 te
496 3876 571 3931 basia
591 3867 674 3930 multa
692 3877 814 3930 basiare

361 3953 470 4008 Vesano
489 3951 553 4006 natis
572 3963 599 4008 et
618 3971 702 4026 saper
721 3951 895 4009 Catullum.

882 4023 1071 4094 Catapul'll,
1094 4043 1107 4094 7
1129 4039 1186 4094 sqq.
1313 4084 1319 4092 ‚

294 4097 436 4170 „Hilarior
456 4110 517 4172 post
536 4100 608 4158 banc
627 4099 849 4172 pollicitationem
865 4101 947 4168 laeta,
964 4100 1063 4154 mulier
1079 4096 1207 4152 basiavit
1221 4111 1264 4150 me

231 4174 356 4248 spissim,
376 4186 402 4230 et
421 4193 453 4238 er
473 4176 599 4248 lacrymis
620 4175 647 4232 in
667 4175 752 4238 risum
771 4188 854 4248 mota,
873 4175 1065 4232 descendentes
1084 4172 1119 4227 ab
1137 4189 1206 4230 aare
1221 4187 1264 4228 aa·

230 4249 308 4334 pillos
327 4267 402 4306 meos
421 4251 529 4306 dentata
548 4268 630 4306 manu
649 4251 753 4311 duxit.“
1251 4247 1252 4252 '

983 4325 1101 4380 Person·
1121 4323 1186 4377 Sat.

346 4401 444 4456 Partus
464 4417 572 4474 papyro
590 4401 655 4456 dum
674 4399 722 4457 tibi
742 4403 818 4457 torus
838 4399 947 4470 crescit,

346 4477 453 4542 Flentes
471 4475 606 4552 superbus
624 4476 754 4533 basiabit
771 4476 920 4534 eunuchos.

797 4551 890 4608 tuni.
903 4549 972 4624 Vlll,
991 4569 1069 4622 xciv,
1093 4557 1125 4615 ri
1143 4563 1183 4622 iq.
