2962 5040
593 399 740 468 AGON
1192 408 1232 470 rt

112 559 569 633 AGAGULUSAGAGULA.
593 563 744 631 -Leno
773 569 966 634 conciliator.
998 565 1092 652 (Vid.
1113 569 1231 634 Paron

196 651 258 712 Sul.
281 663 313 714 et
332 653 441 712 Heinsii
460 651 685 734 annotationes.)
1119 712 1125 726 ,

111 733 339 799 AGATHIAS.
360 769 401 782 -
424 733 640 816 Coguomanto
670 727 877 804 Sohobutlcus,
914 733 1092 816 Smyrnaeus
1121 731 1232 816 patria.

196 819 274 880 Post
293 817 502 900 Procopium,
535 819 699 880 Jasdniani
731 819 909 900 ducumque
938 817 1005 899 ejus
1026 817 1173 880 Belisarii
1202 827 1235 878 et

193 901 334 962 Narsetis
357 918 409 963 res
430 908 532 984 gestas
554 900 693 982 scripsit;
723 903 961 984 composuitque
982 919 1052 984 quae
1084 911 1235 962 vocantur

193 985 366 1066 Daphnim,
386 1003 464 1065 opus
488 984 769 1068 elegantissimum
802 984 987 1066 diversaque
1009 986 1235 1069 epigrammata

197 1087 301 1150 graecu
323 1068 355 1127 in
375 1067 523 1130 volumen
545 1069 659 1152 coegit.
683 1067 780 1146 (Vide
802 1066 928 1148 Suidus.)

114 1148 306 1216 AGA'I'HO.
335 1183 375 1196 -·
405 1149 537 1212 Tibicen
572 1151 794 1214 cantilenarum
826 1153 976 1212 suavitate
1012 1145 1166 1231 majorem
1202 1149 1234 1210 in

196 1235 326 1296 modum
348 1233 587 1296 celeberrimus.
630 1235 699 1296 Nec
720 1249 824 1294 mores
846 1233 915 1314 ejus
937 1235 1148 1296 musicaersure
1174 1231 1235 1294 dis·

197 1317 331 1396 similes3
362 1315 517 1379 laboravit
545 1317 626 1379 euim
659 1314 768 1378 infami
802 1317 942 1378 mollitie.
995 1317 1071 1378 lnde
1103 1337 1235 1398 prover·

194 1401 283 1462 bium
304 1399 500 1475 Aristonicus
517 1407 634 1470 odnie,
662 1399 693 1462 id
718 1411 765 1462 cst
787 1397 963 1461 dissolutus.
989 1395 1088 1481 (Vide
1109 1399 1234 1480 Susidas.)

195 1486 321 1547 Primus
352 1483 407 1543 ille
428 1483 547 1556 Agatho
577 1483 669 1547 chori
696 1483 810 1566 tragici
835 1495 957 1546 cantum
979 1485 1127 1561 instituit,
1157 1494 1236 1546 teste

198 1567 368 1628 Aristotele
389 1565 421 1626 in
443 1566 584 1630 Poetica-

113 1649 242 1716 AGER.
264 1652 392 1710 —Pro
416 1646 493 1712 locis
513 1651 686 1730 iunioris,
711 1661 743 1712 et
766 1649 859 1712 etiam
880 1647 1014 1733 podice,
1045 1667 1138 1710 sensu
1158 1666 1237 1713 vero

196 1733 433 1796 obscenissimo.

337 1816 435 1870 Ficosa
454 1824 493 1868 cst
513 1831 593 1886 uxor,
613 1814 714 1878 ficosus,
731 1828 757 1872 et
777 1817 835 1890 ipse
855 1815 987 1888 maritus3

376 1889 445 1944 Filia
465 1888 550 1943 iicon
570 1902 619 1959 stt,
639 1904 665 1946 ct
685 1910 778 1966 gener,
799 1903 880 1963 atquc
899 1909 994 1963 nepot.

339 1963 396 2020 Nee
415 1963 596 2036 dispensator,
617 1985 668 2024 nec
686 1968 791 2022 villicus
812 1969 904 2021 ulcere
923 1965 1006 2038 turpi,

377 2040 435 2094 Nec
453 2040 556 2111 rigidus
576 2039 674 2107 letter,
693 2045 739 2096 red
759 2059 809 2096 nec
827 2051 922 2096 arator
941 2052 1010 2113 rget.

225 2143 232 2156 ·
339 2112 430 2188 Quum
451 2115 503 2168 sint
522 2114 597 2169 liccti
619 2117 722 2185 pariter
741 2120 906 2188 juvenesque
925 2131 1065 2186 senesque,

330 2241 334 2250 ‚
376 2189 431 2244 Res
451 2189 521 2244 mira
540 2201 592 2260 eut,
611 2191 677 2246 ficut
696 2192 852 2247 nonhabet
873 2209 941 2246 unus
963 2187 1059 2260 ager!

795 2267 885 2321 Mirr.
898 2266 955 2333 vlt,
975 2281 1049 2333 exst,
1072 2281 1083 2318 ι
1105 2279 1162 2336 sqq.

271 2337 334 2399 Hic
355 2333 436 2399 ludit
456 2339 606 2401 Martialis
628 2339 710 2402 ambi
737 2342 830 2404 nitate
853 2339 1044 2416 verborum3
1068 2359 1140 2398 nam
1160 2333 1239 2398 licut

197 2435 232 2485 et
250 2421 390 2483 fructum
412 2433 444 2484 et
464 2421 610 2484 morbum
632 2363 795 2508 signibcat.
819 2425 912 2503 (ts'id.
936 2421 1096 2500 Fortunat.)

118 2505 432 2570 AGGLU'PINARE.
454 2503 661 2572 -Verbum
687 2509 901 2572 suavissimum
930 2509 971 2568 de
993 2504 1161 2600 complexu
1184 2523 1239 2568 ve·

199 2609 359 2742 netepm
384 2672 492 2742 hercle,
518 2673 572 2742 jam
597 2674 633 2728 ad
659 2691 701 2730 ms
727 2669 976 2745 agglutinandum
995 2679 1081 2726 totum
1100 2670 1239 2726 dnrunn

210 2758 251 2804 stt
268 2746 360 2803 duae!

809 2822 905 2876 Peter.
927 2818 1037 2874 etstan.
1052 2817 1098 2886 lli,
1123 2835 1166 2889 ¹7·

121 2897 294 2962 AGNATA
315 2895 506 2957 MEMBRA.
528 2889 569 2938 -'
591 2893 670 2988 Quae
693 2909 806 2978 prater
821 2909 960 2958 naturam
981 2906 1013 2956 et
1030 2895 1241 2974 integritatem

201 2980 341 3042 animalis
362 2992 449 3054 nata3
472 2979 605 3060 exempli
629 2999 738 3054 causa,
761 2979 880 3041 homini
900 2989 1006 3040 sextus
1028 2977 1155 3060 digitus,
1177 2987 1240 3036 ter·

200 3066 276 3124 tium
301 3061 417 3122 femur.
439 3063 528 3142 (Vid.
550 3063 689 3132 Punxt
712 3085 766 3132 mr,
794 3062 877 3144 nt.)

122 3145 239 3212 AGON
262 3141 397 3229 (dyene).
421 3177 460 3190 -
483 3145 747 3227 Frequentissime
769 3146 831 3207 boc
854 3147 979 3207 nomine
1001 3142 1241 3227 appellabantur
1304 3163 1314 3182 ⁴

92 3287 95 3292 ,
203 3233 372 3291 certamina
393 3227 527 3304 ludicra,
549 3249 618 3310 quoe
641 3231 722 3310 apud
745 3233 873 3292 Graecos
897 3229 1047 3311 Olympio,
1071 3227 1154 3310 apud
1175 3228 1240 3287 Ro·

202 3332 309 3374 manos
328 3313 511 3380 Neroniano,
538 3325 598 3372 etc.
643 3315 785 3388 Agonibns
808 3311 1078 3396 permiscebantur
1099 3309 1240 3392 volupta-

202 3398 260 3470 rio,
284 3408 316 3457 et
333 3397 425 3456 etiam
447 3395 678 3458 obscenissima.
701 3397 801 3478 (Vrde
825 3395 941 3458 Tertrdl.
964 3395 1072 3456 advers.
1090 3404 1183 3470 guest.
1201 3391 1241 3458 6,·

203 3481 316 3540 Sueten.
338 3485 367 3538 ln
386 3479 471 3539 Dum.
485 3487 514 3552 ir,
534 3489 564 3538 et
584 3486 612 3538 in
635 3479 738 3540 Neron.
756 3478 822 3557 22.)

125 3561 383 3626 AGONODICE.
405 3561 578 3624 -Puella
600 3559 817 3638 Atheniensis,
839 3560 1042 3622 obstetricum
1065 3559 1221 3641 princeps.

278 3643 328 3706 Ab
347 3644 483 3724 antiquo,
506 3643 640 3706 soeminae
662 3646 830 3726 puerperio
853 3644 1012 3719 cubantes,
1033 3644 1166 3704 medicis
1176 3654 1243 3704 tan-

203 3741 286 3805 tum,
308 3728 341 3789 id
364 3738 410 3790 est
433 3728 506 3788 viris
526 3726 773 3808 adjuvabantur,
805 3729 979 3789 reluctante
999 3728 1134 3809 pudore.
1178 3725 1244 3789 Sed

206 3832 283 3874 ecce
305 3808 484 3884 Agonodiee,
511 3809 643 3872 iunonis
666 3811 728 3873 hoc
750 3809 894 3873 officium
915 3810 1003 3873 sexui
1025 3831 1081 3872 suo
1104 3809 1243 3870 reddere
1277 3843 1280 3849 ·

86 3895 93 3916 '
205 3896 335 3970 volens,
355 3891 489 3955 abscissa
510 3914 615 3970 coma,
647 3915 697 3968 se,
721 3894 831 3957 babitu
849 3895 952 3968 virili,
984 3894 1107 3955 cuidam
1128 3893 1243 3954 Hiero·

206 3978 295 4060 pbilo
316 3978 348 4037 in
371 3976 565 4058 disciplinam
587 3977 732 4056 tradidit3
765 3997 867 4059 aquo
887 3977 988 4060 probe
1011 3976 1142 4051 edocta,
1171 3995 1243 4057 par·

203 4059 391 4122 turientibus
422 4059 646 4141 auxiliabatur,
678 4062 846 4144 plaudente
877 4073 1090 4123 matronarum
1117 4058 1244 4120 univer·

206 4145 306 4208 ritate.

278 4225 534 4310 Antiquissimum
564 4239 611 4290 est
636 4229 859 4311 proverbium,
891 4230 997 4289 nudum
1027 4247 1085 4286 esse
1114 4222 1245 4286 inuidiam

205 4333 289 4394 super
308 4309 440 4372 irniriiom
460 4309 658 4380 medicorumt·
672 4314 784 4375 iratum
808 4333 886 4396 ergo
907 4323 1006 4372 totum
1026 4309 1057 4370 id
1075 4328 1187 4398 genus,
1209 4326 1245 4368 se

206 4417 269 4457 uon
299 4395 431 4475 amplius
453 4395 493 4456 ad
514 4394 655 4456 l'oeminas
677 4397 814 4476 admitti,
845 4393 976 4458 rivalem
997 4393 1187 4470 Agonodiccm
1212 4392 1248 4455 iu

205 4478 359 4562 judicium
389 4478 606 4559 pertractavit,
637 4491 783 4564 tanquam
810 4478 1003 4563 impudicum
1026 4489 1057 4540 et
1079 4476 1246 4540 mulierum
1366 4489 1368 4494 ·

208 4573 448 4643 coemptorem

180 4645 339 4716 rtem
358 4651 486 4708 aonem-
958 4659 962 4671 *
1015 4655 1047 4732 ‚2
1209 4739 1213 4748 Ι
