2962 5046
634 367 787 436 naun
1084 461 1086 466 Ι
1210 379 1272 442 an

132 533 298 598 -ttasrra
320 535 449 600 -Pro
470 557 568 622 peae3
598 541 820 602 translatoma
848 555 887 603 re
913 539 1058 620 militari,
1089 541 1176 626 quud
1204 541 1271 606 Ire·

228 623 473 704 quentissimum.
511 663 515 672 »

330 707 474 782 Istumst
491 705 603 762 summis
622 705 738 764 adricus
756 701 860 762 viribus
879 706 1003 762 batam.

801 783 900 838 tum.
921 783 1003 842 Ceut.
1025 788 1107 853 capt.
1131 799 1193 854 asp.

366 852 440 930 Quid
459 853 540 913 tomi,
552 855 654 910 nudata
673 865 740 922 tota,
759 865 816 911 tota
836 857 957 926 inermis,

367 933 508 988 Actutum
527 927 677 986 tutatuta
697 941 743 986 tua
762 932 894 989 vibrante¹

368 1007 469 1076 Aperta
489 1005 612 1079 oppiduli
633 1006 662 1060 iu
681 1005 723 1062 sui
742 1005 859 1078 benigue

366 1081 495 1150 Custctta,
516 1081 533 1136 c‘
549 1079 667 1154 pudeat!

777 1155 888 1210 Parnon
918 1155 1052 1210 Plrclecc.
1073 1155 1119 1218 45.

139 1243 270 1305 ΗΕΒΕ.
294 1279 335 1292 -
356 1251 425 1310 Dea
448 1247 634 1330 juventutis,
656 1265 750 1328 quum
773 1247 914 1329 Jupiter,
944 1247 986 1308 ob
1009 1248 1120 1313 formae
1142 1245 1269 1334 elegan-

114 1356 116 1364 *
225 1332 310 1406 tiam,
332 1331 455 1412 poculis
477 1335 540 1392 suis
562 1329 716 1413 praefecit.
760 1333 891 1410 Verum,
916 1351 1012 1414 quum
1035 1333 1114 1394 Jove
1136 1333 1166 1392 in
1188 1333 1268 1416 pub·

225 1411 321 1474 licum
346 1425 496 1493 coeoente,
517 1413 623 1476 vinum
646 1411 870 1490 administrans,
893 1435 1013 1496 pertpre
1034 1415 1190 1486 lubricum
1213 1439 1267 1499 pa·

224 1495 395 1558 timentum
424 1499 525 1558 minus
556 1509 647 1560 caute
676 1497 843 1572 incedens,
874 1497 1056 1571 cecidisset,
1089 1499 1266 1582 volutisque
1375 1560 1378 1576 ,

221 1578 361 1642 vestibus
382 1581 529 1662 pudenda
551 1577 716 1658 nudasset,
753 1592 883 1661 propter
904 1585 1060 1662 pudorem
1085 1580 1124 1642 ab
1155 1581 1265 1646 officio

222 1677 323 1724 amota
347 1676 412 1744 est,
444 1665 575 1746 ejusque
597 1665 669 1726 Ioco
692 1664 890 1745 Ganymedes
912 1665 1108 1746 subrogatus.
1151 1666 1266 1728 Postea

221 1747 356 1809 Herculi
378 1750 499 1828 nupsit,
532 1748 617 1830 quod
640 1747 814 1832 significat,
847 1767 915 1810 esse
937 1769 1067 1810 necesse
1096 1745 1136 1810 ad
1164 1745 1266 1811 sortes

220 1831 395 1912 gignendos
416 1828 582 1892 ssorentem
605 1841 725 1893 aetatem
750 1851 820 1892 cum
842 1829 961 1893 robore
983 1831 1141 1914 conjungi.
1179 1832 1263 1896 Vide

221 1913 339 1986 Gyratt
360 1915 481 1993 Srntcx.
506 1913 635 1986 deorum
659 1927 690 1976 et
711 1917 802 1976 Cicer.
827 1915 935 1976 Tuscul.
961 1915 1068 1998 Queat.
1088 1911 1179 1978 litt

322 1997 449 2052 Pluribus
469 2007 498 2052 ut
518 1997 576 2053 ccii
596 2009 732 2053 tereretur
750 2001 832 2068 janua
853 1997 933 2068 divis,

359 2071 439 2126 Hebe
457 2090 508 2130 uec
528 2075 609 2147 longe
628 2073 785 2148 virginitate
805 2072 884 2127 forat.

772 2147 892 2204 Gerous.
914 2145 1014 2216 LXIII,
1037 2145 1088 2200 115
1108 2165 1148 2222 sq.

290 2215 374 2282 Hebe
402 2221 519 2286 Latinis
548 2225 692 2286 Iuventa.
725 2221 824 2303 (Ouid
856 2221 892 2284 de
912 2221 1008 2284 Ponto
1030 2217 1071 2304 I.)
1102 2220 1187 2284 Vide
1208 2225 1262 2286 Jo-

218 2322 338 2366 vunrs.
1053 2364 1058 2373 ,

129 2385 317 2448 HERMES.
339 2383 477 2472 Ερμῆς.
504 2422 542 2434 ·-
564 2389 672 2452 Statua
695 2409 807 2472 saxea,
838 2389 905 2452 vias
927 2401 979 2454 aut
1001 2387 1152 2452 terminos
1180 2389 1261 2452 indi-

217 2491 300 2532 cans.
344 2471 578 2535 conficiebatur
600 2475 685 2536 mole
714 2475 806 2550 rudi,
838 2473 957 2556 absque
989 2469 1129 2536 brachiis
1161 2474 1260 2534 cruri·

213 2553 352 2636 busque3
374 2558 518 2638 imposito
540 2567 659 2620 tantum
682 2556 777 2640 capiti
799 2578 875 2618 saxo
897 2557 1067 2638 quadrato,
1100 2557 1206 2616 medio
1228 2561 1260 2616 in

215 2638 305 2719 cujus
327 2640 487 2719 arrigebat
508 2641 685 2703 membrum
707 2643 810 2704 virile.
853 2641 938 2704 Vide
962 2635 1061 2708 Fert„
1080 2639 1211 2700 Macrob.
1234 2637 1257 2720 1,

217 2739 265 2802 so,
288 2733 348 2784 etc.
391 2725 476 2784 Hinc
498 2725 538 2785 do
559 2721 679 2797 inerte,
713 2725 912 2803 scd-guloso
942 2735 973 2784 et
1003 2721 1193 2797 libidinoso,
1227 2725 1258 2782 in

211 2806 417 2950 proverbium
442 2808 615 2882 dicebatur,
640 2809 1115 2887 11armaesnmomeoa‚quum
1136 2806 1180 2866 nit
1202 2803 1258 2868 ba-

236 2901 305 2950 eret
323 2891 382 2953 uisi
404 2903 498 2974 caput
519 2903 551 2954 et
571 2912 694 2974 penem.
753 2973 776 3030 Δ

493 3011 749 3033 ....................
777 2985 787 3029 t
801 2985 830 3030 ta

282 3045 327 3102 Nit
348 3047 400 3104 nisi
419 3033 594 3123 Cecropides,
614 3061 767 3125 truncoque
787 3047 937 3105 simillimus
951 3046 1079 3102 Herma.
1158 3061 1161 3072 ·

867 3123 931 3180 Iov.
953 3121 1022 3189 titt,
1043 3123 1076 3176 bs
1100 3137 1140 3193 sq.

128 3191 538 3260 HERMAPHRODITUS.
560 3235 601 3248 -
623 3199 776 3262 Mercurii
803 3211 835 3260 et
854 3198 990 3264 Veneris
1018 3193 1122 3271 filius,
1156 3204 1191 3255 ut
1217 3215 1256 3255 ex

212 3279 277 3347 ipsa
300 3282 400 3342 statim
423 3282 509 3342 vocis
538 3283 763 3362 compositione
792 3293 931 3363 apparet.
974 3281 1055 3343 Nam
1075 3278 1255 3340 Mercurius

211 3359 356 3447 E'purjt,
390 3365 497 3426 Venus
522 3358 716 3452 Ᾰφροδίτι)
748 3367 864 3428 dicitur
892 3364 1021 3424 Graecis.
1066 3360 1149 3425 Vide
1172 3359 1253 3422 Orr'd

212 3444 346 3508 Metam.
367 3447 411 3508 lib
421 3445 475 3508 IV.
520 3451 627 3546 Quum
649 3453 688 3510 in·
702 3452 797 3510 Daria
821 3446 1041 3530 vagabundus,
1071 3446 1110 3508 ad
1132 3444 1253 3505 iontem

209 3529 352 3611 nymphae
375 3530 525 3593 Salmacis
545 3535 756 3614 pervenisset,
785 3532 854 3614 ejus
876 3550 984 3592 amore
1005 3541 1153 3610 correpta
1182 3528 1252 3603 dea,

209 3613 266 3674 itto
288 3626 392 3676 tamen
416 3616 616 3680 concubitum
635 3626 819 3688 recusante,
852 3613 997 3675 simulato
1027 3632 1154 3672 recessu
1182 3620 1253 3690 post

209 3717 322 3778 vepres
353 3698 451 3764 latuit.
504 3699 778 3782 Hermaphroditus,
814 3698 978 3759 Salmaceu
1010 3694 1123 3756 abiisse
1155 3704 1251 3768 ratus,

208 3781 308 3842 undas
338 3783 440 3842 nudus
471 3781 613 3863 intravit;
647 3782 731 3863 quod
762 3781 887 3856 videns,
919 3778 1052 3861 nympha
1074 3777 1177 3838 subito
1200 3796 1251 3836 ac-

208 3865 319 3939 currit,
342 3877 374 3926 et
395 3865 527 3946 abjectis
549 3865 686 3930 vestibus
707 3866 880 3928 arctissime
906 3885 978 3926 eum
999 3859 1163 3943 complexa
1185 3871 1252 3920 est:

207 3947 262 4010 sed
285 3967 382 4030 quum
402 3949 547 4032 juvenem
570 3971 672 4032 neque
692 3947 859 4032 precibus,
889 3965 991 4028 neque
1013 3945 1173 4006 blanditiis
1194 3961 1248 4002 ex-

207 4051 299 4092 orare
322 4043 437 4112 posset,
459 4055 477 4096 a
500 4035 559 4094 diis
577 4035 676 4116 petiit,
702 4043 736 4094 ut
757 4033 788 4093 in
811 4054 907 4095 unum
929 4049 1044 4110 corpus
1064 4027 1248 4108 redigeren-

97 4147 99 4152 ·
122 4151 126 4160 =
207 4127 277 4189 tur,
299 4113 342 4180 ita
363 4127 468 4180 tamen
490 4129 524 4178 ut
545 4138 637 4180 sexus
660 4117 792 4196 uterque
814 4117 938 4196 integer
959 4121 1154 4185 remanerem
1183 4125 1247 4188 quo

207 4199 344 4282 coagulo
366 4200 564 4284 androgynus
585 4199 704 4278 factus,
723 4197 983 4282 Hermaphroditus
1003 4213 1133 4270 superos
1154 4210 1248 4274 roga·

121 4317 124 4326 =
164 4291 167 4296 ’
204 4285 267 4362 vit,
291 4295 325 4346 ut
345 4282 470 4365 quirvir
493 4284 524 4347 in
547 4283 688 4346 futurum
711 4281 831 4346 fontem
854 4303 925 4344 eum
944 4281 1094 4357 intraret,
1112 4291 1193 4338 'mas
1215 4285 1249 4334 et

203 4367 332 4432 frumine
354 4368 464 4430 exiret.
510 4363 591 4430 Vide
615 4366 718 4428 Mart.
732 4363 785 4443 VI,
807 4387 919 4428 nxvm.

278 4451 382 4514 Porro
402 4451 553 4516 Salmacis
574 4449 683 4514 fabula
700 4451 739 4512 ad
756 4447 945 4512 desidiosum
960 4447 1059 4507 otium
1075 4441 1247 4506 referenda

932 4623 1025 4708 lo*
