2932 5052
245 376 247 396 Ι
614 287 681 346 'PR
694 285 721 348 Δ
733 284 758 346 C
1188 292 1262 354 295*

133 437 296 522 TONSUS
318 449 377 514 AD
400 451 631 514 SPECULUM.
652 483 693 498 -··
715 451 781 543 Qui
801 449 896 512 ritem
917 448 1008 542 ‹teg-tt
1034 451 1116 514 inter
1136 453 1250 517 volsel-

183 609 187 618 .
215 533 261 598 las
282 537 472 616 ettspecule.
495 563 506 572 ·

281 618 333 672 Sed
354 619 438 690 petris
456 619 498 672 ud
513 620 654 692 speculum
673 620 758 687 tonsi,
779 620 925 692 matrisque
944 630 1040 693 togotte

278 694 374 748 Filius.

781 766 875 824 Mtte.
900 769 942 835 vl,
964 787 1038 841 cxiv,
1059 779 1075 833 4
1095 788 1135 844 sq.

285 843 392 906 Genus
416 837 478 904 hoc
499 843 707 904 trossulorum
730 843 775 902 sio
797 845 901 924 arguit
922 844 1059 906 Seneca:
1147 877 1151 884 ·

285 922 395 998 „Quidl
420 926 469 979 hos
493 925 594 981 otiosos
628 943 728 993 voces,
759 926 856 998 quibus
885 928 957 996 opud
984 935 1130 980 tonsorem
1159 929 1248 982 multe

221 1001 296 1056 hores
315 999 548 1070 trsmmittuntur3
569 1002 632 1055 dum
651 999 808 1070 decerpitur
827 1000 848 1053 si
869 1002 933 1074 quid
952 1003 1076 1073 proximu
1090 1013 1169 1058 nocte
1188 1021 1247 1056 suo·

220 1075 332 1142 urescit3
353 1076 415 1128 dum
435 1076 468 1130 ds
487 1075 598 1148 singulis
617 1076 723 1144 cupillis
743 1074 771 1127 in
791 1075 937 1128 eonsilium
958 1077 1029 1146 itur3
1058 1077 1122 1130 dum
1142 1087 1188 1132 sut
1207 1077 1246 1130 di·

221 1153 291 1218 jectu
310 1167 387 1204 come
408 1149 575 1220 restituitur,
596 1162 642 1206 eut
662 1149 786 1206 deficiens
806 1149 870 1204 hinc
891 1162 971 1223 utque
986 1151 1061 1206 illinc
1080 1151 1108 1206 in
1129 1150 1246 1208 irontettt

221 1222 418 1296 compeditur?

285 1297 445 1371 „Quomodo
471 1298 647 1362 irascuntur,
683 1298 704 1352 si
733 1305 836 1351 tonsor
861 1299 944 1368 poulo
971 1299 1154 1372 negligentior
1183 1298 1246 1366 suit,

220 1383 351 1446 tunquam
378 1373 465 1428 virum
494 1372 641 1429 tonderet?
669 1373 806 1444 quomodo
832 1372 1049 1436 excandescunt,
1080 1376 1101 1428 ei
1131 1373 1195 1446 quid
1213 1392 1245 1429 ex

219 1450 284 1516 jube
303 1466 351 1502 suu
371 1447 488 1506 decisum
508 1461 563 1511 est,
585 1449 607 1502 si
627 1447 693 1522 quid
713 1459 788 1502 extra
808 1447 933 1502 ordinem
951 1449 1053 1516 jacuit,
1080 1449 1135 1506 nisi
1154 1449 1246 1505 omniu

220 1523 249 1578 in
271 1524 387 1579 sunulos
407 1542 469 1578 euos
489 1519 682 1578 reciderunt?“

275 1595 358 1669 „Quis
384 1609 422 1652 est
442 1597 555 1652 istorum
575 1599 621 1670 qui
643 1616 698 1652 non
727 1596 800 1649 melit
820 1596 1015 1666 rempublicam
1036 1596 1143 1652 turbari
1163 1615 1244 1670 quom

219 1689 338 1742 oumum3
358 1671 404 1744 qui
424 1691 479 1726 non
500 1673 641 1727 sollicitior
655 1673 689 1725 sit
709 1671 741 1724 de
761 1669 857 1740 cepitis
878 1673 977 1724 decore
996 1669 1076 1744 qus'm
1095 1673 1128 1726 ds
1143 1675 1244 1746 seluts3

211 1747 266 1821 ,qui
285 1764 342 1802 nun
362 1749 574 1821 comptiorem
593 1749 668 1802 mulit
682 1763 762 1820 quem
781 1743 959 1800 honestior?“

363 1829 365 1835 ’
752 1819 852 1881 Serre,
867 1821 902 1872 do
922 1815 1078 1874 Brevitate
1097 1820 1175 1880 ot'toe.

152 1919 155 1926 ·
279 1894 363 1958 Vide
384 1899 569 1960 Trossueus.

122 1976 274 2042 TORUS.
297 2012 338 2024 -
361 1979 535 2060 Saepissime
558 1999 617 2060 pru
639 1977 818 2039 concubitu.

275 2061 350 2132 Seps
367 2081 418 2133 ego
438 2063 568 2117 leecirum
587 2061 705 2116 Mortem
725 2059 872 2116 furibundo
890 2059 985 2130 cecidi,

310 2137 458 2210 Legitimos
476 2139 539 2192 isset
558 2155 641 2210 quum
661 2155 745 2210 vagus
765 2150 827 2191 unte
847 2145 929 2192 toros

703 2268 706 2276 ,
797 2207 1129 2281 olrnr.vt‚xx1‚t·q.

273 2284 352 2340 Hunc
371 2305 478 2359 temper
497 2287 629 2347 Norbtne
649 2286 719 2341 diem
739 2303 800 2341 cum
820 2289 935 2360 conjuge
951 2285 1024 2339 Coro

310 2361 382 2416 Laeto
402 2365 482 2432 colet,
502 2362 597 2438 primis
617 2380 672 2435 quo
692 2361 783 2416 coiere
806 2361 887 2416 toris.

748 2435 840 2492 Mirr.
861 2433 918 2499 vn,
938 2449 1030 2493 uxxrr,
1053 2449 1066 2501 p
1088 2446 1128 2501 sq.

120 2507 272 2574 TOTUS.
292 2542 335 2558 -
359 2508 501 2572 Verbum
522 2529 704 2572 venereum.
748 2508 800 2570 Ad
821 2529 889 2570 rem
912 2519 1049 2590 paratus,
1070 2516 1186 2566 tensus.

271 2593 394 2668 „Ecquid
413 2593 494 2648 hodie
512 2599 592 2647 totus
613 2587 747 2646 reuitti?“

299 2679 301 2688 '
493 2683 495 2690 ’
957 2665 1079 2717 Pernen.
1102 2659 1163 2714 tat.

268 2741 443 2831 „tentissime
461 2757 578 2814 nomque
596 2740 793 2812 complexetum
812 2756 855 2793 ms
872 2756 998 2812 prorsus,
1018 2737 1065 2793 sed
1083 2743 1178 2790 totum
1198 2751 1242 2790 rs·

214 2818 314 2892 “mliii
941 2888 1022 2940 leuc.
1045 2883 1120 2940 Met.
1142 2884 1167 2939 l.
1223 2933 1226 2946 ,

270 2965 323 3022 Sed
342 2975 449 3032 tumen,
470 2964 609 3036 Nymphae,
629 2974 723 3019 cereto
743 2964 817 3038 quod
837 2961 945 3032 Cupido
965 2959 1080 3034 pulcher
1100 2969 1156 3015 este

272 3041 358 3096 Totus
379 3041 464 3095 setin
484 3039 566 3096 ermis
586 3041 669 3110 idem,
689 3034 799 3114 quondo
818 3039 906 3093 nudus
926 3048 964 3089 est
985 3037 1076 3090 Amor.

816 3112 956 3184 Pervigil.
978 3113 1048 3165 Vert.
1072 3109 1106 3164 3³
1126 3123 1166 3182 sq.

117 3190 269 3254 TRABS.
291 3223 332 3234 -
352 3191 418 3251 Pro
438 3209 530 3272 pene.

307 3271 332 3325 0
351 3273 474 3336 Memmi,
494 3275 563 3328 bens
582 3293 626 3330 ute
643 3292 675 3328 ee
695 3273 740 3327 diu
761 3271 903 3343 supinum¹

306 3347 377 3402 Tute
395 3347 446 3402 istu
465 3349 548 3401 trube
566 3351 654 3403 lsutus
671 3347 822 3402 irrumusti.

790 3421 909 3482 Corum,
931 3416 1032 3487 XXVl‚
1050 3435 1067 3488 9
1087 3434 1128 3488 sq·

117 3495 356 3560 Ttttcrttttt.
378 3525 419 3540 -
441 3493 553 3556 Virilia
576 3495 720 3556 manibus
742 3493 923 3554 sollicitare.

268 3579 301 3632 tt
319 3595 376 3633 non
397 3579 476 3650 longe
496 3579 573 3645 setis,
593 3596 649 3633 non
669 3587 720 3631 stet
741 3579 808 3630 bene
828 3575 947 3628 mentula
966 3589 1068 3644 cresse,

302 3654 341 3710 ‘Et
360 3669 441 3724 quom
460 3652 482 3707 si
502 3661 619 3721 tractes,
639 3671 762 3708 crescere
783 3669 860 3723 posse
880 3661 965 3720 putes.
1033 3673 1035 3677 ·

416 3728 420 3738 ’
652 3727 756 3792 Friup.
781 3727 871 3780 Carm
902 3723 1029 3788 LXXXI,
1053 3739 1063 3773 1
1087 3737 1126 3791 sq.

117 3799 387 3880 ΤΒΑΟΤΑΤΟΗ,
409 3803 688 3864 TRACTATRIX.
713 3804 859 3884 -Puer
882 3811 932 3860 aut
954 3797 1059 3880 puelle
1078 3792 1168 3872 cujus
1184 3791 1239 3853 mi·

202 3885 363 3948 misterium
385 3897 452 3949 erat
474 3906 588 3966 corpus
610 3885 749 3967 undique
770 3883 899 3960 fricare,
918 3898 1072 3961 manuque
1092 3878 1156 3942 leri
1172 3877 1238 3958 piu·

202 3987 284 4038 tere,
307 3969 427 4030 ratione
448 3980 513 4030 tum
535 3970 680 4048 sanitatis,
702 3981 768 4028 tum
787 3966 963 4048 voluptatis.

268 4051 408 4106 Percurrit
427 4051 490 4124 agili
510 4070 610 4124 corpus
629 4063 689 4106 erte
707 4051 884 4116 tractatrix,
982 4081 984 4086 ⁴

249 4127 435 4200 Merumque
454 4127 562 4182 doctum
580 4125 685 4199 spurgit
703 4125 830 4181 omnibus
850 4119 987 4177 membris.

723 4201 816 4256 Mirr.
836 4198 882 4267 Ill,
902 4213 1007 4264 cxxxii,
1026 4195 1060 4249 13
1080 4211 1121 4268 sq,

118 4273 370 4343 TRACTATIO.

267 4361 386 4430 „Torum
398 4357 531 4431 frequenti
550 4360 729 4419 tractatione
748 4357 853 4428 vereri,
872 4353 973 4413 umoris
988 4353 1043 4410 mei
1054 4331 1131 4426 quusi
1143 4368 1236 4420 quum·

213 4431 277 4489 dem
294 4435 464 4509 ἰιιιιςὶηοιιιέί

960 4504 1079 4560 Percote.
1100 4499 1161 4556 Sat.
