<?xml version="1.0" encoding="UTF-8"?>
<!DOCTYPE html PUBLIC "-//W3C//DTD XHTML 1.0 Transitional//EN"
    "http://www.w3.org/TR/xhtml1/DTD/xhtml1-transitional.dtd">
<html xmlns="http://www.w3.org/1999/xhtml" xml:lang="en" lang="en">
 <head>
  <title>
</title>
<meta http-equiv="Content-Type" content="text/html;charset=utf-8" />
  <meta name='ocr-system' content='tesseract 3.04.00' />
  <meta name='ocr-capabilities' content='ocr_page ocr_carea ocr_par ocr_line ocrx_word'/>
</head>
<body>
  <div class='ocr_page' id='page_1' title='image "./thesauruserotic00rambgoog_0010.png"; bbox 0 0 2962 5040; ppageno 0'>
   <div class='ocr_carea' id='block_1_1' title="bbox 286 1243 1030 1346">
    <p class='ocr_par' dir='ltr' id='par_1_1' title="bbox 286 1243 1030 1346">
     <span class='ocr_line' id='line_1_1' title="bbox 286 1243 1030 1346; baseline -0.004 0"><span class='ocrx_word' id='word_1_1' title='bbox 286 1243 629 1346; x_wconf 75' lang='lat' dir='ltr'>LECTORI</span> <span class='ocrx_word' id='word_1_2' title='bbox 673 1245 1030 1346; x_wconf 83' lang='lat' dir='ltr'><strong>ERUDITO.</strong></span> 
     </span>
    </p>
   </div>
   <div class='ocr_carea' id='block_1_2' title="bbox 95 1787 1226 2234">
    <p class='ocr_par' dir='ltr' id='par_1_2' title="bbox 95 1787 1226 2234">
     <span class='ocr_line' id='line_1_2' title="bbox 195 1787 1222 1900; baseline -0.002 -36"><span class='ocrx_word' id='word_1_3' title='bbox 195 1787 384 1865; x_wconf 81' lang='lat' dir='ltr'><strong>Drcuuno</strong></span> <span class='ocrx_word' id='word_1_4' title='bbox 405 1801 469 1866; x_wconf 90' lang='lat' dir='ltr'><strong>aut</strong></span> <span class='ocrx_word' id='word_1_5' title='bbox 487 1793 687 1868; x_wconf 86' lang='lat' dir='ltr'><strong>scribendo</strong></span> <span class='ocrx_word' id='word_1_6' title='bbox 708 1793 888 1900; x_wconf 62' lang='lat' dir='ltr'><strong>derebus</strong></span> <span class='ocrx_word' id='word_1_7' title='bbox 905 1789 1066 1886; x_wconf 89' lang='lat' dir='ltr'><strong>eroticis,</strong></span> <span class='ocrx_word' id='word_1_8' title='bbox 1092 1789 1222 1864; x_wconf 88' lang='lat' dir='ltr'><strong>eadem</strong></span> 
     </span>
     <span class='ocr_line' id='line_1_3' title="bbox 95 1901 1222 1998; baseline -0.002 -18"><span class='ocrx_word' id='word_1_9' title='bbox 95 1901 266 1982; x_wconf 80' lang='lat' dir='ltr'><strong>nuditate</strong></span> <span class='ocrx_word' id='word_1_10' title='bbox 290 1907 497 1982; x_wconf 82' lang='lat' dir='ltr'><strong>verborum</strong></span> <span class='ocrx_word' id='word_1_11' title='bbox 520 1909 569 1982; x_wconf 91' lang='lat' dir='ltr'><strong>ab</strong></span> <span class='ocrx_word' id='word_1_12' title='bbox 592 1907 928 1984; x_wconf 84' lang='lat' dir='ltr'><strong>initio&#39;utebuntur</strong></span> <span class='ocrx_word' id='word_1_13' title='bbox 951 1904 1131 1998; x_wconf 79' lang='lat' dir='ltr'><strong>Romani3</strong></span> <span class='ocrx_word' id='word_1_14' title='bbox 1157 1905 1222 1980; x_wconf 86' lang='lat' dir='ltr'><strong>sed</strong></span> 
     </span>
     <span class='ocr_line' id='line_1_4' title="bbox 96 2015 1222 2120; baseline 0 -26"><span class='ocrx_word' id='word_1_15' title='bbox 96 2044 188 2094; x_wconf 91' lang='lat' dir='ltr'><strong>cum</strong></span> <span class='ocrx_word' id='word_1_16' title='bbox 213 2019 351 2096; x_wconf 84' lang='lat' dir='ltr'><strong>sensim</strong></span> <span class='ocrx_word' id='word_1_17' title='bbox 374 2033 550 2120; x_wconf 83' lang='lat' dir='ltr'><strong>spurcata</strong></span> <span class='ocrx_word' id='word_1_18' title='bbox 575 2024 759 2118; x_wconf 82' lang='lat' dir='ltr'><strong>evaderet,</strong></span> <span class='ocrx_word' id='word_1_19' title='bbox 786 2021 923 2098; x_wconf 85' lang='lat' dir='ltr'><strong>dissoni</strong></span> <span class='ocrx_word' id='word_1_20' title='bbox 948 2019 1081 2096; x_wconf 88' lang='lat' dir='ltr'><strong>medici</strong></span> <span class='ocrx_word' id='word_1_21' title='bbox 1106 2031 1143 2094; x_wconf 88' lang='lat' dir='ltr'><strong>et</strong></span> <span class='ocrx_word' id='word_1_22' title='bbox 1166 2015 1222 2112; x_wconf 73' lang='lat' dir='ltr'><strong>ju-</strong></span> 
     </span>
     <span class='ocr_line' id='line_1_5' title="bbox 98 2134 1226 2234; baseline -0.001 -25"><span class='ocrx_word' id='word_1_23' title='bbox 98 2135 277 2232; x_wconf 80' lang='lat' dir='ltr'><strong>risperiti,</strong></span> <span class='ocrx_word' id='word_1_24' title='bbox 301 2159 411 2214; x_wconf 89' lang='lat' dir='ltr'><strong>more</strong></span> <span class='ocrx_word' id='word_1_25' title='bbox 434 2137 715 2234; x_wconf 81' lang='lat' dir='ltr'><strong>technicorum,</strong></span> <span class='ocrx_word' id='word_1_26' title='bbox 739 2137 969 2234; x_wconf 75' lang='lat' dir='ltr'><strong>singularem</strong></span> <span class='ocrx_word' id='word_1_27' title='bbox 992 2134 1063 2210; x_wconf 90' lang='lat' dir='ltr'><strong>sibi</strong></span> <span class='ocrx_word' id='word_1_28' title='bbox 1085 2157 1226 2210; x_wconf 57' lang='lat' dir='ltr'><strong>sermoae</strong></span> 
     </span>
    </p>
   </div>
   <div class='ocr_carea' id='block_1_3' title="bbox 99 2248 1379 2352">
    <p class='ocr_par' dir='ltr' id='par_1_3' title="bbox 99 2248 1379 2352">
     <span class='ocr_line' id='line_1_6' title="bbox 99 2248 1379 2352; baseline -0.001 -29"><span class='ocrx_word' id='word_1_29' title='bbox 99 2273 189 2326; x_wconf 90' lang='lat' dir='ltr'><strong>nem</strong></span> <span class='ocrx_word' id='word_1_30' title='bbox 212 2248 473 2350; x_wconf 81' lang='lat' dir='ltr'><strong>instituerunt3</strong></span> <span class='ocrx_word' id='word_1_31' title='bbox 510 2255 705 2352; x_wconf 74' lang='lat' dir='ltr'><strong>optimates</strong></span> <span class='ocrx_word' id='word_1_32' title='bbox 728 2275 820 2328; x_wconf 76' lang='lat' dir='ltr'><strong>vero</strong></span> <span class='ocrx_word' id='word_1_33' title='bbox 845 2250 1076 2350; x_wconf 88' lang='lat' dir='ltr'><strong>literatique,</strong></span> <span class='ocrx_word' id='word_1_34' title='bbox 1114 2249 1225 2324; x_wconf 89' lang='lat' dir='ltr'><strong>urba·</strong></span> <span class='ocrx_word' id='word_1_35' title='bbox 1361 2309 1379 2330; x_wconf 31' lang='grc' dir='ltr'><em>κ</em></span> 
     </span>
    </p>
   </div>
   <div class='ocr_carea' id='block_1_4' title="bbox 101 2364 1225 2468">
    <p class='ocr_par' dir='ltr' id='par_1_4' title="bbox 101 2364 1225 2468">
     <span class='ocr_line' id='line_1_7' title="bbox 101 2364 1225 2468; baseline -0.002 -28"><span class='ocrx_word' id='word_1_36' title='bbox 101 2364 224 2440; x_wconf 87' lang='lat' dir='ltr'><strong>nitatis</strong></span> <span class='ocrx_word' id='word_1_37' title='bbox 247 2391 359 2442; x_wconf 87' lang='lat' dir='ltr'><strong>causa</strong></span> <span class='ocrx_word' id='word_1_38' title='bbox 384 2390 531 2442; x_wconf 85' lang='lat' dir='ltr'><strong>necnon</strong></span> <span class='ocrx_word' id='word_1_39' title='bbox 558 2369 732 2468; x_wconf 77' lang='lat' dir='ltr'><strong>pueritiae</strong></span> <span class='ocrx_word' id='word_1_40' title='bbox 764 2367 1000 2460; x_wconf 76' lang='lat' dir='ltr'><strong>reverendus,</strong></span> <span class='ocrx_word' id='word_1_41' title='bbox 1035 2366 1225 2462; x_wconf 88' lang='lat' dir='ltr'><strong>metapho-</strong></span> 
     </span>
    </p>
   </div>
   <div class='ocr_carea' id='block_1_5' title="bbox 33 2479 1229 3042">
    <p class='ocr_par' dir='ltr' id='par_1_5' title="bbox 33 2479 1229 3042">
     <span class='ocr_line' id='line_1_8' title="bbox 74 2479 1226 2585; baseline 0 -33"><span class='ocrx_word' id='word_1_42' title='bbox 74 2534 78 2538; x_wconf 87' lang='lat'>-</span> <span class='ocrx_word' id='word_1_43' title='bbox 105 2480 222 2558; x_wconf 81' lang='lat' dir='ltr'><strong>sicam</strong></span> <span class='ocrx_word' id='word_1_44' title='bbox 246 2481 415 2580; x_wconf 77' lang='lat' dir='ltr'><strong>linguam</strong></span> <span class='ocrx_word' id='word_1_45' title='bbox 436 2482 510 2560; x_wconf 88' lang='lat' dir='ltr'><strong>sibi</strong></span> <span class='ocrx_word' id='word_1_46' title='bbox 535 2483 695 2580; x_wconf 86' lang='lat' dir='ltr'><strong>finxere,</strong></span> <span class='ocrx_word' id='word_1_47' title='bbox 719 2485 832 2585; x_wconf 90' lang='lat' dir='ltr'><strong>plebe</strong></span> <span class='ocrx_word' id='word_1_48' title='bbox 857 2481 1039 2556; x_wconf 76' lang='lat' dir='ltr'><strong>retinente</strong></span> <span class='ocrx_word' id='word_1_49' title='bbox 1063 2479 1226 2578; x_wconf 88' lang='lat' dir='ltr'><strong>primam</strong></span> 
     </span>
     <span class='ocr_line' id='line_1_9' title="bbox 107 2593 1227 2700; baseline -0.003 -29"><span class='ocrx_word' id='word_1_50' title='bbox 107 2593 204 2671; x_wconf 85' lang='lat' dir='ltr'><strong>illam</strong></span> <span class='ocrx_word' id='word_1_51' title='bbox 235 2595 463 2696; x_wconf 89' lang='lat' dir='ltr'><strong>impolitam,</strong></span> <span class='ocrx_word' id='word_1_52' title='bbox 501 2625 614 2700; x_wconf 88' lang='lat' dir='ltr'><strong>quam</strong></span> <span class='ocrx_word' id='word_1_53' title='bbox 638 2597 819 2674; x_wconf 72' lang='lat' dir='ltr'><strong>Martialis</strong></span> <span class='ocrx_word' id='word_1_54' title='bbox 850 2597 1010 2694; x_wconf 92' lang='lat' dir='ltr'><strong>appellat</strong></span> <span class='ocrx_word' id='word_1_55' title='bbox 1035 2593 1150 2668; x_wconf 83' lang='lat' dir='ltr'><strong>latine</strong></span> <span class='ocrx_word' id='word_1_56' title='bbox 1176 2593 1227 2668; x_wconf 85' lang='lat' dir='ltr'><strong>lo-</strong></span> 
     </span>
     <span class='ocr_line' id='line_1_10' title="bbox 33 2707 1226 2806; baseline 0.005 -25"><span class='ocrx_word' id='word_1_57' title='bbox 33 2763 39 2772; x_wconf 87' lang='lat'><strong><em>.</em></strong></span> <span class='ocrx_word' id='word_1_58' title='bbox 105 2707 182 2804; x_wconf 81' lang='lat' dir='ltr'><strong>qui.</strong></span> <span class='ocrx_word' id='word_1_59' title='bbox 226 2713 307 2786; x_wconf 87' lang='lat' dir='ltr'><strong>Hac</strong></span> <span class='ocrx_word' id='word_1_60' title='bbox 331 2715 411 2787; x_wconf 86' lang='lat' dir='ltr'><strong>fuse</strong></span> <span class='ocrx_word' id='word_1_61' title='bbox 436 2713 496 2788; x_wconf 93' lang='lat' dir='ltr'><strong>usi</strong></span> <span class='ocrx_word' id='word_1_62' title='bbox 518 2727 607 2789; x_wconf 89' lang='lat' dir='ltr'><strong>sunt</strong></span> <span class='ocrx_word' id='word_1_63' title='bbox 630 2713 816 2806; x_wconf 87' lang='lat' dir='ltr'><strong>Lucilius,</strong></span> <span class='ocrx_word' id='word_1_64' title='bbox 853 2713 1042 2804; x_wconf 84' lang='lat' dir='ltr'><strong>Catullus,</strong></span> <span class='ocrx_word' id='word_1_65' title='bbox 1074 2709 1226 2786; x_wconf 85' lang='lat' dir='ltr'><strong>Martia·</strong></span> 
     </span>
     <span class='ocr_line' id='line_1_11' title="bbox 103 2823 1226 2928; baseline 0.002 -30"><span class='ocrx_word' id='word_1_66' title='bbox 103 2823 171 2920; x_wconf 90' lang='lat' dir='ltr'><strong>lis,</strong></span> <span class='ocrx_word' id='word_1_67' title='bbox 194 2824 419 2928; x_wconf 87' lang='lat' dir='ltr'><strong>parciusque</strong></span> <span class='ocrx_word' id='word_1_68' title='bbox 442 2831 557 2925; x_wconf 88' lang='lat' dir='ltr'><strong>Naso,</strong></span> <span class='ocrx_word' id='word_1_69' title='bbox 583 2827 771 2921; x_wconf 85' lang='lat' dir='ltr'><strong>Horatius,</strong></span> <span class='ocrx_word' id='word_1_70' title='bbox 797 2825 982 2921; x_wconf 84' lang='lat' dir='ltr'><strong>Tibullus,</strong></span> <span class='ocrx_word' id='word_1_71' title='bbox 1008 2823 1226 2923; x_wconf 85' lang='lat' dir='ltr'><strong>Propertius</strong></span> 
     </span>
     <span class='ocr_line' id='line_1_12' title="bbox 104 2939 1229 3042; baseline 0.002 -30"><span class='ocrx_word' id='word_1_72' title='bbox 104 2951 141 3013; x_wconf 90' lang='lat' dir='ltr'><strong>et</strong></span> <span class='ocrx_word' id='word_1_73' title='bbox 165 2941 282 3039; x_wconf 86' lang='lat' dir='ltr'><strong>aliqui</strong></span> <span class='ocrx_word' id='word_1_74' title='bbox 306 2943 507 3042; x_wconf 87' lang='lat' dir='ltr'><strong>scriptores</strong></span> <span class='ocrx_word' id='word_1_75' title='bbox 532 2943 643 3019; x_wconf 90' lang='lat' dir='ltr'><strong>etiam</strong></span> <span class='ocrx_word' id='word_1_76' title='bbox 666 2939 905 3040; x_wconf 86' lang='lat' dir='ltr'><strong>pudicissimi.</strong></span> <span class='ocrx_word' id='word_1_77' title='bbox 957 2940 1127 3016; x_wconf 88' lang='lat' dir='ltr'><strong>Secunda</strong></span> <span class='ocrx_word' id='word_1_78' title='bbox 1159 2939 1229 3014; x_wconf 92' lang='lat' dir='ltr'><strong>lin·</strong></span> 
     </span>
    </p>
   </div>
   <div class='ocr_carea' id='block_1_6' title="bbox 105 3055 1229 3274">
    <p class='ocr_par' dir='ltr' id='par_1_6' title="bbox 105 3055 1229 3274">
     <span class='ocr_line' id='line_1_13' title="bbox 105 3055 1229 3158; baseline 0.001 -28"><span class='ocrx_word' id='word_1_79' title='bbox 105 3079 181 3158; x_wconf 74' lang='lat' dir='ltr'><strong>gua</strong></span> <span class='ocrx_word' id='word_1_80' title='bbox 204 3057 245 3130; x_wconf 93' lang='lat' dir='ltr'><strong>in</strong></span> <span class='ocrx_word' id='word_1_81' title='bbox 268 3057 394 3154; x_wconf 89' lang='lat' dir='ltr'><strong>libris,</strong></span> <span class='ocrx_word' id='word_1_82' title='bbox 422 3070 502 3136; x_wconf 90' lang='lat' dir='ltr'><strong>tum</strong></span> <span class='ocrx_word' id='word_1_83' title='bbox 527 3061 573 3134; x_wconf 86' lang='lat' dir='ltr'><strong>de</strong></span> <span class='ocrx_word' id='word_1_84' title='bbox 597 3055 684 3152; x_wconf 89' lang='lat' dir='ltr'><strong>jure</strong></span> <span class='ocrx_word' id='word_1_85' title='bbox 708 3069 788 3132; x_wconf 78' lang='lat' dir='ltr'><strong>urm</strong></span> <span class='ocrx_word' id='word_1_86' title='bbox 814 3058 860 3130; x_wconf 88' lang='lat' dir='ltr'><strong>de</strong></span> <span class='ocrx_word' id='word_1_87' title='bbox 885 3056 1090 3150; x_wconf 89' lang='lat' dir='ltr'><strong>medicina,</strong></span> <span class='ocrx_word' id='word_1_88' title='bbox 1129 3081 1229 3154; x_wconf 70' lang='lat' dir='ltr'><strong>quae·</strong></span> 
     </span>
     <span class='ocr_line' id='line_1_14' title="bbox 105 3170 1227 3274; baseline 0.004 -31"><span class='ocrx_word' id='word_1_89' title='bbox 105 3171 225 3246; x_wconf 86' lang='lat' dir='ltr'><strong>renda</strong></span> <span class='ocrx_word' id='word_1_90' title='bbox 248 3183 321 3268; x_wconf 84' lang='lat' dir='ltr'><strong>est3</strong></span> <span class='ocrx_word' id='word_1_91' title='bbox 347 3173 455 3260; x_wconf 88' lang='lat' dir='ltr'><strong>tertia</strong></span> <span class='ocrx_word' id='word_1_92' title='bbox 473 3174 644 3274; x_wconf 87' lang='lat' dir='ltr'><strong>inprimis</strong></span> <span class='ocrx_word' id='word_1_93' title='bbox 665 3171 866 3246; x_wconf 81' lang='lat' dir='ltr'><strong>conflixere</strong></span> <span class='ocrx_word' id='word_1_94' title='bbox 879 3173 1041 3268; x_wconf 87' lang='lat' dir='ltr'><strong>Plautus,</strong></span> <span class='ocrx_word' id='word_1_95' title='bbox 1066 3170 1227 3262; x_wconf 87' lang='lat' dir='ltr'><strong>Persius,</strong></span> 
     </span>
    </p>
   </div>
   <div class='ocr_carea' id='block_1_7' title="bbox 24 3273 1228 3400">
    <p class='ocr_par' dir='ltr' id='par_1_7' title="bbox 24 3273 1228 3400">
     <span class='ocr_line' id='line_1_15' title="bbox 24 3273 1228 3400; baseline 0.003 -40"><span class='ocrx_word' id='word_1_96' title='bbox 24 3273 26 3298; x_wconf 49' lang='lat'><em>⁸</em></span> <span class='ocrx_word' id='word_1_97' title='bbox 107 3287 313 3383; x_wconf 82' lang='lat' dir='ltr'><strong>luvenalis,</strong></span> <span class='ocrx_word' id='word_1_98' title='bbox 350 3289 567 3400; x_wconf 84' lang='lat' dir='ltr'><strong>Petronius,</strong></span> <span class='ocrx_word' id='word_1_99' title='bbox 606 3290 764 3380; x_wconf 88' lang='lat' dir='ltr'><strong>Seneca,</strong></span> <span class='ocrx_word' id='word_1_100' title='bbox 801 3285 878 3362; x_wconf 93' lang='lat' dir='ltr'><strong>imo</strong></span> <span class='ocrx_word' id='word_1_101' title='bbox 904 3287 1157 3362; x_wconf 88' lang='lat' dir='ltr'><strong>Tertullianus</strong></span> <span class='ocrx_word' id='word_1_102' title='bbox 1191 3297 1228 3364; x_wconf 90' lang='lat' dir='ltr'><strong>et</strong></span> 
     </span>
    </p>
   </div>
   <div class='ocr_carea' id='block_1_8' title="bbox 26 4465 28 4502">
    <p class='ocr_par' dir='ltr' id='par_1_8' title="bbox 26 4465 28 4502">
     <span class='ocr_line' id='line_1_16' title="bbox 26 4465 28 4502; baseline 0 0"><span class='ocrx_word' id='word_1_103' title='bbox 26 4465 28 4502; x_wconf 78' lang='lat' dir='ltr'><strong>l</strong></span> 
     </span>
    </p>
   </div>
   <div class='ocr_carea' id='block_1_9' title="bbox 106 3388 1327 4074">
    <p class='ocr_par' dir='ltr' id='par_1_9' title="bbox 106 3388 1227 3618">
     <span class='ocr_line' id='line_1_17' title="bbox 106 3388 1227 3498; baseline 0.004 -26"><span class='ocrx_word' id='word_1_104' title='bbox 106 3398 185 3496; x_wconf 91' lang='lat' dir='ltr'><strong>ipse</strong></span> <span class='ocrx_word' id='word_1_105' title='bbox 198 3388 373 3478; x_wconf 59' lang='lat' dir='ltr'><strong>xCivitatis</strong></span> <span class='ocrx_word' id='word_1_106' title='bbox 401 3403 473 3479; x_wconf 90' lang='lat' dir='ltr'><strong>Dei</strong></span> <span class='ocrx_word' id='word_1_107' title='bbox 507 3415 639 3479; x_wconf 86' lang='lat' dir='ltr'><strong>auctor</strong></span> <span class='ocrx_word' id='word_1_108' title='bbox 669 3401 938 3498; x_wconf 82' lang='lat' dir='ltr'><strong>sanctissimus,</strong></span> <span class='ocrx_word' id='word_1_109' title='bbox 977 3401 1064 3476; x_wconf 89' lang='lat' dir='ltr'><strong>vitia</strong></span> <span class='ocrx_word' id='word_1_110' title='bbox 1096 3426 1227 3477; x_wconf 91' lang='lat' dir='ltr'><strong>omnes</strong></span> 
     </span>
     <span class='ocr_line' id='line_1_18' title="bbox 107 3515 881 3618; baseline 0 -28"><span class='ocrx_word' id='word_1_111' title='bbox 107 3517 211 3591; x_wconf 86' lang='lat' dir='ltr'><strong>vario</strong></span> <span class='ocrx_word' id='word_1_112' title='bbox 238 3543 465 3618; x_wconf 87' lang='lat' dir='ltr'><strong>quamquam</strong></span> <span class='ocrx_word' id='word_1_113' title='bbox 490 3520 603 3593; x_wconf 88' lang='lat' dir='ltr'><strong>modo</strong></span> <span class='ocrx_word' id='word_1_114' title='bbox 629 3515 881 3614; x_wconf 77' lang='lat' dir='ltr'><strong>objurgantes.</strong></span> 
     </span>
    </p>

    <p class='ocr_par' dir='ltr' id='par_1_10' title="bbox 108 3628 1327 4074">
     <span class='ocr_line' id='line_1_19' title="bbox 203 3628 1327 3730; baseline 0.004 -25"><span class='ocrx_word' id='word_1_115' title='bbox 203 3635 321 3707; x_wconf 91' lang='lat' dir='ltr'><strong>Nemo</strong></span> <span class='ocrx_word' id='word_1_116' title='bbox 343 3659 433 3730; x_wconf 78' lang='lat' dir='ltr'><strong>sane</strong></span> <span class='ocrx_word' id='word_1_117' title='bbox 458 3635 588 3708; x_wconf 89' lang='lat' dir='ltr'><strong>doctus</strong></span> <span class='ocrx_word' id='word_1_118' title='bbox 613 3633 728 3707; x_wconf 90' lang='lat' dir='ltr'><strong>nescit</strong></span> <span class='ocrx_word' id='word_1_119' title='bbox 753 3628 909 3721; x_wconf 88' lang='lat' dir='ltr'><strong>hujusce</strong></span> <span class='ocrx_word' id='word_1_120' title='bbox 932 3631 1141 3726; x_wconf 69' lang='lat' dir='ltr'><strong>presertim</strong></span> <span class='ocrx_word' id='word_1_121' title='bbox 1157 3641 1229 3705; x_wconf 89' lang='lat' dir='ltr'><strong>ter·</strong></span> <span class='ocrx_word' id='word_1_122' title='bbox 1324 3703 1327 3710; x_wconf 79' lang='grc'>,</span> 
     </span>
     <span class='ocr_line' id='line_1_20' title="bbox 108 3744 1229 3846; baseline 0.001 -28"><span class='ocrx_word' id='word_1_123' title='bbox 108 3745 169 3819; x_wconf 87' lang='lat' dir='ltr'><strong>tiae</strong></span> <span class='ocrx_word' id='word_1_124' title='bbox 193 3745 333 3844; x_wconf 81' lang='lat' dir='ltr'><strong>linguae</strong></span> <span class='ocrx_word' id='word_1_125' title='bbox 356 3749 546 3823; x_wconf 88' lang='lat' dir='ltr'><strong>scientiam</strong></span> <span class='ocrx_word' id='word_1_126' title='bbox 571 3773 685 3846; x_wconf 87' lang='lat' dir='ltr'><strong>quam</strong></span> <span class='ocrx_word' id='word_1_127' title='bbox 705 3747 866 3820; x_wconf 86' lang='lat' dir='ltr'><strong>maxime</strong></span> <span class='ocrx_word' id='word_1_128' title='bbox 885 3744 1128 3820; x_wconf 88' lang='lat' dir='ltr'><strong>necessariam</strong></span> <span class='ocrx_word' id='word_1_129' title='bbox 1151 3769 1229 3819; x_wconf 89' lang='lat' dir='ltr'><strong>esse</strong></span> 
     </span>
     <span class='ocr_line' id='line_1_21' title="bbox 109 3860 1231 3958; baseline 0 -24"><span class='ocrx_word' id='word_1_130' title='bbox 109 3861 281 3937; x_wconf 86' lang='lat' dir='ltr'><strong>studiosis</strong></span> <span class='ocrx_word' id='word_1_131' title='bbox 307 3862 553 3958; x_wconf 89' lang='lat' dir='ltr'><strong>satyricorum</strong></span> <span class='ocrx_word' id='word_1_132' title='bbox 579 3875 615 3938; x_wconf 92' lang='lat' dir='ltr'><strong>et</strong></span> <span class='ocrx_word' id='word_1_133' title='bbox 639 3862 870 3955; x_wconf 88' lang='lat' dir='ltr'><strong>ethicorum,</strong></span> <span class='ocrx_word' id='word_1_134' title='bbox 909 3873 945 3936; x_wconf 90' lang='lat' dir='ltr'><strong>et</strong></span> <span class='ocrx_word' id='word_1_135' title='bbox 976 3886 1021 3936; x_wconf 91' lang='lat' dir='ltr'><strong>eo</strong></span> <span class='ocrx_word' id='word_1_136' title='bbox 1053 3860 1231 3934; x_wconf 86' lang='lat' dir='ltr'><strong>difficilio-</strong></span> 
     </span>
     <span class='ocr_line' id='line_1_22' title="bbox 109 3974 1232 4074; baseline -0.004 -22"><span class='ocrx_word' id='word_1_137' title='bbox 109 4001 194 4052; x_wconf 85' lang='lat' dir='ltr'><strong>rem</strong></span> <span class='ocrx_word' id='word_1_138' title='bbox 217 3974 407 4051; x_wconf 91' lang='lat' dir='ltr'><strong>intellectu</strong></span> <span class='ocrx_word' id='word_1_139' title='bbox 431 3977 539 4051; x_wconf 90' lang='lat' dir='ltr'><strong>nobis</strong></span> <span class='ocrx_word' id='word_1_140' title='bbox 564 3979 603 4052; x_wconf 93' lang='lat' dir='ltr'><strong>in</strong></span> <span class='ocrx_word' id='word_1_141' title='bbox 626 3979 725 4052; x_wconf 88' lang='lat' dir='ltr'><strong>diem</strong></span> <span class='ocrx_word' id='word_1_142' title='bbox 743 3977 836 4068; x_wconf 91' lang='lat' dir='ltr'><strong>lieri,</strong></span> <span class='ocrx_word' id='word_1_143' title='bbox 864 3976 942 4074; x_wconf 91' lang='lat' dir='ltr'><strong>quo</strong></span> <span class='ocrx_word' id='word_1_144' title='bbox 963 3977 1111 4072; x_wconf 75' lang='lat' dir='ltr'><strong>longius</strong></span> <span class='ocrx_word' id='word_1_145' title='bbox 1128 3978 1232 4049; x_wconf 91' lang='lat' dir='ltr'><strong>abest</strong></span> 
     </span>
    </p>
   </div>
   <div class='ocr_carea' id='block_1_10' title="bbox 25 4089 1244 4304">
    <p class='ocr_par' dir='ltr' id='par_1_11' title="bbox 25 4089 1244 4304">
     <span class='ocr_line' id='line_1_23' title="bbox 25 4089 1244 4208; baseline -0.006 -38"><span class='ocrx_word' id='word_1_146' title='bbox 25 4179 26 4208; x_wconf 15' lang='grc' dir='ltr'><strong>χ</strong></span> <span class='ocrx_word' id='word_1_147' title='bbox 58 4151 60 4162; x_wconf 37' lang='lat'><em>1</em></span> <span class='ocrx_word' id='word_1_148' title='bbox 110 4091 157 4168; x_wconf 82' lang='lat' dir='ltr'><strong>ab</strong></span> <span class='ocrx_word' id='word_1_149' title='bbox 191 4089 338 4187; x_wconf 83' lang='lat' dir='ltr'><strong>origine</strong></span> <span class='ocrx_word' id='word_1_150' title='bbox 371 4117 459 4186; x_wconf 89' lang='lat' dir='ltr'><strong>sua,</strong></span> <span class='ocrx_word' id='word_1_151' title='bbox 496 4095 575 4166; x_wconf 85' lang='lat' dir='ltr'><strong>fere</strong></span> <span class='ocrx_word' id='word_1_152' title='bbox 606 4092 759 4166; x_wconf 89' lang='lat' dir='ltr'><strong>omnino</strong></span> <span class='ocrx_word' id='word_1_153' title='bbox 790 4091 1022 4166; x_wconf 81' lang='lat' dir='ltr'><strong>obsolefactis</strong></span> <span class='ocrx_word' id='word_1_154' title='bbox 1047 4091 1244 4185; x_wconf 86' lang='lat' dir='ltr'><strong>moribus,</strong></span> 
     </span>
     <span class='ocr_line' id='line_1_24' title="bbox 26 4205 1102 4304; baseline 0 -22"><span class='ocrx_word' id='word_1_155' title='bbox 26 4211 27 4257; x_wconf 59' lang='lat' dir='ltr'><strong>l</strong></span> <span class='ocrx_word' id='word_1_156' title='bbox 111 4227 208 4302; x_wconf 84' lang='lat' dir='ltr'><strong>quos</strong></span> <span class='ocrx_word' id='word_1_157' title='bbox 232 4207 289 4279; x_wconf 86' lang='lat' dir='ltr'><strong>vel</strong></span> <span class='ocrx_word' id='word_1_158' title='bbox 317 4205 522 4301; x_wconf 86' lang='lat' dir='ltr'><strong>expressim</strong></span> <span class='ocrx_word' id='word_1_159' title='bbox 545 4207 604 4282; x_wconf 89' lang='lat' dir='ltr'><strong>vel</strong></span> <span class='ocrx_word' id='word_1_160' title='bbox 627 4206 881 4304; x_wconf 88' lang='lat' dir='ltr'><strong>metaphorice</strong></span> <span class='ocrx_word' id='word_1_161' title='bbox 906 4207 1102 4283; x_wconf 81' lang='lat' dir='ltr'><strong>referebat.</strong></span> 
     </span>
    </p>
   </div>
   <div class='ocr_carea' id='block_1_11' title="bbox 110 4319 1233 4648">
    <p class='ocr_par' dir='ltr' id='par_1_12' title="bbox 110 4319 1233 4648">
     <span class='ocr_line' id='line_1_25' title="bbox 209 4319 1233 4420; baseline 0.002 -29"><span class='ocrx_word' id='word_1_162' title='bbox 209 4319 414 4395; x_wconf 86' lang='lat' dir='ltr'><strong>Deficiehat</strong></span> <span class='ocrx_word' id='word_1_163' title='bbox 439 4333 563 4397; x_wconf 87' lang='lat' dir='ltr'><strong>tumen</strong></span> <span class='ocrx_word' id='word_1_164' title='bbox 588 4321 736 4396; x_wconf 86' lang='lat' dir='ltr'><strong>lexicon</strong></span> <span class='ocrx_word' id='word_1_165' title='bbox 761 4321 919 4420; x_wconf 90' lang='lat' dir='ltr'><strong>speciale</strong></span> <span class='ocrx_word' id='word_1_166' title='bbox 943 4321 982 4394; x_wconf 95' lang='lat' dir='ltr'><strong>in</strong></span> <span class='ocrx_word' id='word_1_167' title='bbox 1008 4343 1085 4418; x_wconf 92' lang='lat' dir='ltr'><strong>quo</strong></span> <span class='ocrx_word' id='word_1_168' title='bbox 1118 4331 1233 4394; x_wconf 72' lang='lat' dir='ltr'><strong>uana·</strong></span> 
     </span>
     <span class='ocr_line' id='line_1_26' title="bbox 110 4431 1232 4546; baseline 0 -41"><span class='ocrx_word' id='word_1_169' title='bbox 110 4431 268 4508; x_wconf 89' lang='lat' dir='ltr'><strong>lationes</strong></span> <span class='ocrx_word' id='word_1_170' title='bbox 292 4457 510 4510; x_wconf 86' lang='lat' dir='ltr'><strong>sermonum</strong></span> <span class='ocrx_word' id='word_1_171' title='bbox 535 4447 572 4512; x_wconf 88' lang='lat' dir='ltr'><strong>et</strong></span> <span class='ocrx_word' id='word_1_172' title='bbox 595 4435 700 4510; x_wconf 89' lang='lat' dir='ltr'><strong>lusus</strong></span> <span class='ocrx_word' id='word_1_173' title='bbox 725 4435 765 4508; x_wconf 91' lang='lat' dir='ltr'><strong>in</strong></span> <span class='ocrx_word' id='word_1_174' title='bbox 790 4435 911 4510; x_wconf 84' lang='lat' dir='ltr'><strong>verbis</strong></span> <span class='ocrx_word' id='word_1_175' title='bbox 929 4437 1232 4546; x_wconf 88' lang='lat' dir='ltr'><strong>explanarentur,</strong></span> 
     </span>
     <span class='ocr_line' id='line_1_27' title="bbox 111 4550 1231 4648; baseline 0.001 -27"><span class='ocrx_word' id='word_1_176' title='bbox 111 4559 150 4621; x_wconf 91' lang='lat' dir='ltr'><strong>et</strong></span> <span class='ocrx_word' id='word_1_177' title='bbox 173 4571 283 4624; x_wconf 82' lang='lat' dir='ltr'><strong>voces</strong></span> <span class='ocrx_word' id='word_1_178' title='bbox 308 4550 493 4647; x_wconf 78' lang='lat' dir='ltr'><strong>ambiguae</strong></span> <span class='ocrx_word' id='word_1_179' title='bbox 517 4552 671 4634; x_wconf 89' lang='lat' dir='ltr'><strong>adrem</strong></span> <span class='ocrx_word' id='word_1_180' title='bbox 694 4551 925 4648; x_wconf 87' lang='lat' dir='ltr'><strong>peculiarem</strong></span> <span class='ocrx_word' id='word_1_181' title='bbox 949 4555 1231 4626; x_wconf 87' lang='lat' dir='ltr'><strong>reducerentur.</strong></span> 
     </span>
    </p>
   </div>
   <div class='ocr_carea' id='block_1_12' title="bbox 0 0 1508 5040">
    <p class='ocr_par' dir='ltr' id='par_1_13' title="bbox 0 0 1508 5040">
     <span class='ocr_line' id='line_1_28' title="bbox 0 0 1508 5040; baseline 0 0"><span class='ocrx_word' id='word_1_182' title='bbox 0 0 1508 5040; x_wconf 95' lang='lat' dir='ltr'><strong> </strong></span> 
     </span>
    </p>
   </div>
  </div>
 </body>
</html>
